3150 5017
1525 484 1719 573 Gap:
1747 480 1941 573 xm.

1411 600 1444 663 ’.
1473 599 1573 663 De
1618 599 1991 666 custodibus.
2150 600 2155 607 ’

711 740 770 819 ξ.
821 739 878 804 1.
927 734 1252 823 Custodes
1278 736 1593 805 dicuntur
1636 759 1677 803 a
1720 738 2047 822 custodia}
2087 760 2289 826 quam
2306 736 2925 827 jurantzurburariis

537 824 607 892 in
652 829 862 911 primo
905 826 1198 912 ipsorum
1245 825 1543 910 introitu,
1590 826 1811 891 omnia
1854 824 2103 891 utiliter
2146 837 2476 902 exercere.
2564 827 2623 911 ξ.
2667 827 2729 891 2.
2796 822 2927 891 Eli-

539 920 782 997 gantur
825 922 1046 977 autem
1093 933 1212 999 per
1258 910 1534 977 colonos·
1571 909 1826 977 habiles
1874 912 1960 978 ad
2004 914 2129 977 hoc
2174 911 2465 978 officium
2526 911 2793 999 fideque
2838 910 2924 975 di-

539 998 692 1083 gni3
741 1006 808 1063 et
847 999 1232 1085 quicunque
1277 998 1665 1065 colonorum
1708 997 1995 1085 aliquem
2044 998 2379 1067 custodem
2426 998 2792 1065 urburariis
2850 996 2930 1063 ad

532 1086 978 1170 jammentum
1028 1086 1549 1171 praesentaverit
1594 1085 1995 1169 faciendum,
2039 1107 2237 1151 unam
2277 1086 2677 1151 tricesimam
2700 1104 2932 1152 secun-

541 1172 693 1239 dam
733 1180 998 1257 ,par-tem·
1043 1193 1163 1259 pro
1209 1174 1356 1259 ipso
1401 1174 1473 1239 in
1519 1172 1765 1239 eodem·
1799 1173 2263 1259 argentifodio‚
2308 1175 2375 1237 in
2424 1194 2555 1259 quo
2586 1170 2929 1253 custodiet,

543 1246 898 1351 obligabit3
945 1280 1023 1324 eo
1069 1260 1246 1346 quod
1291 1259 1488 1345 longe
1533 1259 1741 1327 tutius
1786 1269 1887 1325 est
1932 1261 2238 1346 pinguori
2282 1258 2687 1341 incumbere,
2728 1270 2929 1344 quam

257 1424 262 1432 Ι
315 1422 326 1440 Ι
433 1420 438 1425 ,
474 1365 480 1381 ·
543 1346 616 1412 in
658 1360 1010 1430 persons-m
1057 1358 1288 1432 agere3
1350 1356 1422 1411 ut
1469 1347 1525 1410 si
1582 1346 1698 1413 ille
1754 1356 1978 1412 custos
2024 1349 2093 1413 in
2136 1346 2359 1433 aliquo
2408 1346 2759 1433 deliquerit
2828 1342 2931 1409 vel

539 1430 832 1503 efficium
863 1453 1070 1500 ‘suum
1118 1434 1492 1500 exercuerit
1536 1432 1969 1519 negligenter,
2016 1442 2081 1499 et
2129 1436 2143 1448 '
2230 1455 2339 1499 um
2428 1454 2502 1499 re
2545 1432 2752 1499 noxia
2801 1452 2931 1497 non

539 1521 1085 1605 praesentaverit.
1127 1534 1214 1585 ex
1257 1528 1414 1586 tunc
1459 1520 1719 1605 perdita
1763 1521 1847 1585 sit
1892 1542 2045 1605 pars
2184 1521 2309 1587 iter
2339 1543 2378 1586 o
2429 1518 2669 1605 ligetaj
2718 1520 2934 1603 ipsum

541 1612 758 1670 autem
823 1601 1161 1672 custodem
1209 1606 1715 1693 praesentando,
1770 1615 2027 1692 panem
2064 1620 2262 1673 «suam
2308 1608 2451 1675 sino
2499 1606 2935 1672 diminutione

547 1690 771 1777 aliqua
813 1690 1144 1758 liberabit.
1235 1694 1289 1777 ξ.
1336 1693 1397 1759 3.
1485 1692 1809 1759 Volumus
1854 1696 2072 1775 etiam,
2133 1716 2217 1759 ne
2276 1688 2515 1780 aliquis
2582 1692 2940 1778 recipiatur

544 1777 630 1842 ad
673 1778 959 1865 aliquam
1023 1779 1412 1861 custodiam,
1475 1781 1605 1851 nisi
1646 1792 1817 1847 'eum
1860 1781 2103 1847 idonea
2148 1781 2471 1845 cautione.
2561 1780 2615 1864 ξ.
2660 1778 2722 1843 4.
2774 1776 2941 1843 Sunt

550 1864 860 1931 custodes
919 1865 1917 1953 argentifodinarum.superius
1960 1876 2029 1953 ,et
2072 1866 2380 1953 inferius;
2428 1875 2582 1931 sunt
2626 1864 2938 1931 custodes

553 1953 753 2017 etiam
797 1951 1216 2033 fabricarum,
1279 1944 1360 2017 de
1421 1952 1661 2039 quibus
1708 1964 1827 2040 p'er
1871 1954 2169 2020 ordinem
2216 1949 2514 2018 dicamus
2573 1952 2680 2016 vel
2752 1950 2938 2017 vide-

541 2053 757 2109 amus.
848 2040 902 2124 ἓ.
941 2040 1010 2107 ὅ.
1071 2040 1290 2105 Primo
1354 2040 1443 2131 ad
1503 2052 1730 2105 curam
1774 2040 2119 2107 custodum
2168 2052 2367 2126 super
2408 2036 2935 2123 argenffifedinas

632 2127 852 2208 rtinet,
899 2126 1230 2193 custodire
1291 2126 1530 2209 omnia,
1594 2140 1723 2213 que
1782 2129 1853 2191 in
1912 2150 2204 2193 caverna
2262 2134 2437 2206 sunt,
2480 2134 2548 2191 et
2591 2133 2669 2189 ut
2710 2136 2940 2191 omnes

569 2212 805 2283 abores
848 2211 1094 2279 ibidem
1144 2213 1454 2279 decenter
1497 2212 1679 2293 fiant„
1724 2212 2040 2281 adhibere
2084 2235 2352 2299 operam
2400 2211 2813 2297 diligentem,
2876 2212 2941 2275 in

544 2300 947 2385 introituque
994 2307 1317 2367 sectorum
1364 2312 1595 2365 omnes
1639 2301 1976 2386 operarios
2020 2322 2387 2377 numerare,
2434 2301 2492 2364 si
2534 2314 2762 2364 eorum
2815 2318 2935 2362 nu-

549 2407 768 2453 merus
814 2385 1140 2456 habeatur
1183 2386 1572 2473 completus,
1616 2398 1681 2452 et
1725 2389 1794 2453 in
1842 2389 2025 2453 exitu
2072 2409 2298 2453 eorum
2344 2384 2521 2473 apud
2570 2382 2939 2471 quemlibet

545 2491 860 2561 quaerere
885 2494 1032 2539 cum
1061 2473 1320 2557 effectu,
1365 2495 1451 2539 ne·
1482 2473 1731 2539 metalli
1778 2473 2030 2561 aliquid
2076 2473 2428 2557 educaturj
2474 2472 2700 2539 statim
2744 2470 2937 2559 quid-

547 2560 707 2645 quid
774 2559 1220 2645 negligentiae
1263 2559 1522 2641 viderit,
1584 2570 1699 2627 aut
1765 2561 2055 2647 dampni,
2128 2560 2231 2627 vel
2296 2560 2559 2640 erroris,
2602 2557 2942 2642 magistris

547 2647 872 2713 montium
933 2646 1334 2724 accusando,
1391 2656 1464 2712 ut
1508 2647 1923 2732 provideant,
1968 2667 2055 2715 ne
2100 2646 2384 2733 amplius
2428 2644 2592 2711 talia
2634 2644 2938 2710 commit·

547 2740 788 2802 tantur.
880 2734 941 2819 §-
995 2736 1057 2801 6.
1119 2731 1448 2801 Custodes
1509 2735 1684 2799 intra
1754 2733 2272 2819 argentifodinas
2342 2735 2519 2799 circa
2592 2732 2691 2799 eis
2768 2752 2943 2797 com-

433 2842 438 2849 ·
503 2900 506 2908 Ξ
545 2819 772 2901 missa,
831 2822 1000 2889 si'cut
1051 2822 1196 2907 jam
1254 2820 1504 2887 dictum
1553 2832 1651 2887 est
1696 2819 1777 2886 de
1824 2820 2204 2887 custodibus
2265 2816 2743 2907 superioribus,
2790 2815 2941 2883 dili-

547 2915 809 2992 gentem
856 2908 1222 2976 custodiam
1267 2906 1627 2995 adhibeant
1650 2916 1716 2973 et
1746 2906 2071 2974 cautelam
2096 2908 2403 2991 maxime,
2448 2913 2522 2971 ut
2565 2902 2939 2991 completus

543 3014 860 3059 numerus
903 2992 1344 3061 laborantium
1389 2990 1729 3076 habeatur,
1777 3002 1850 3059 ut
1892 2992 2385 3081 negligentibus
2427 3000 2686 3058 tantum
2734 2988 2941 3057 defal-

547 3088 733 3145 cetur
773 3081 845 3143 in
889 3083 1124 3167 pretio,
1171 3088 1491 3169 quantum
1535 3082 1849 3168 temporis
1894 3081 2311 3167 neglexerint
2353 3081 2423 3145 in
2471 3077 2739 3162 labore'3
2786 3077 2943 3164 quia

545 3166 910 3245 seeundum
973 3166 1157 3253 leges
1219 3168 1542 3233 humanas
1602 3176 1737 3233 tam
1799 3169 2105 3253 pretium,
2152 3189 2349 3255 quam
2394 3174 2658 3251 tempus
2702 3164 2943 3249 recipit

417 3274 422 3282 ·
549 3252 962 3327 divisionem.
1053 3257 1107 3341 ἐ.
1172 3256 1232 3321 7.
1293 3252 1584 3321 Videant
1645 3256 1859 3331 etiam,
1920 3264 1995 3319 ut
2038 3253 2445 3321 laboratores
2488 3252 2574 3318 ad
2623 3252 2941 3338 deputata

548 3361 750 3427 opera
794 3342 1140 3407 mittantur
1167 3339 1456 3422 habiles,
1506 3341 1799 3427 satisque
1844 3340 2065 3422 fortes,
2114 3361 2221 3407 ne·
2246 3339 2462 3405 coloni
2506 3340 2573 3403 in
2600 3338 2729 3405 hac
2754 3344 2944 3424 parte

545 3448 673 3513 per.
713 3426 962 3514 aliquid
1010 3426 1499 3495 defraudentur.
1547 3429 1603 3577 ῗ
1623 3428 1683 3493 8.
1728 3428 1960 3516 Neque
2006 3427 2263 3493 duabus
2308 3424 2745 3493 echichtis
2778 3446 2943 3491 con·

495 3561 500 3571 .
548 3516 734 3581 tinne
781 3516 1165 3601 permittant
1209 3514 1494 3602 aliquem
1547 3542 1552 3545 ·
1588 3513 1881 3594 aborare,
1942 3537 2024 3580 ne
2088 3514 2581 3581 continuatione
2625 3510 2945 3597 temporis

551 3608 826 3687 cogatur
867 3600 1152 3667 deficere
1199 3604 1268 3671 iu
1313 3598 1559 3667 labore.
1606 3602 1663 3686 ξ.
1711 3602 1769 3667 9.
1817 3601 2289 3687 Tenenturque
2333 3621 2597 3665 omnem
2645 3597 2943 3663 laborem

549 3689 620 3753 in
665 3684 1171 3773 argentifodinis
1215 3686 1410 3753 modo
1453 3687 1681 3753 debito
1724 3688 2057 3769 ordinare,
2101 3689 2451 3753 universos
2474 3686 2811 3772 operarios
2860 3681 2946 3749 ad

545 3776 937 3842 'continuum
984 3773 1279 3841 laborem
1325 3773 1687 3842 incitando,
1762 3776 1817 3859 ἓ.
1870 3776 1969 3841 10.
2015 3774 2338 3839 Volumus
2381 3772 2783 3837 fabricarum
2830 3791 2941 3835 eu-

555 3860 774 3932 stodes
813 3861 1426 3948 sieuts'uperiores,
1472 3861 1557 3927 de
1604 3861 1847 3947 quibus
1882 3864 2025 3948 jam
2072 3862 2319 3927 dictum
2368 3869 2487 3942 est,
2548 3880 2700 3927 cum
2762 3856 2945 3923 omni

551 3930 1106 4026 &delitescentium
1153 3946 1442 4017 officium
1507 3960 1836 4025 exercere,
1885 3956 1962 4012 ‘et
2022 3958 2095 4015 ut
2162 3955 2459 4023 caveant,
2509 3959 2613 4017 ‚ne
2680 3946 2943 4011 acuata-

550 4033 758 4115 ribus‚
849 4035 918 4098 ui
961 4033 1322 4119 vulgariter
1365 4034 1511 4099 sch
1534 4056 1671 4121 erp
1718 4034 2051 4113 dicuntur,
2092 4031 2712 4119 ferramonhsnatad
2736 4029 2943 4097 fabri·

555 4142 667 4185 cas
714 4119 794 4185 de
825 4120 1182 4202 erentibus,
1226 4144 1268 4187 a
1311 4119 1539 4203 fabris,
1588 4122 1760 4185 sicut
1826 4129 2328 4201 consueverunt,
2396 4117 2620 4205 aliqua
2679 4117 2945 4204 penitus

553 4206 867 4273 violentia
931 4206 1268 4287 inferatur,
1337 4208 1453 4274 sed
1520 4206 1921 4295 pauperibus
1989 4218 2063 4273 ut
2129 4207 2446 4274 divitibus
2491 4228 2611 4292 pro
2656 4203 2943 4269 utilitate

558 4295 877 4365 montium
937 4294 1303 4381 aequaliter
1359 4294 1782 4363 fabricentur.
1873 4299 1933 4378 ἓ.
1982 4296 2081 4359 11.
2142 4292 2542 4362 Provideant
2583 4290 2803 4375 etiam,
2856 4309 2943 4354 ne
