3150 5017
1471 266 1939 337 -270-

516 450 768 518 colonis
814 446 1218 514 denuncient
1261 454 1326 511 et
1365 452 1698 526 accusent,
1744 462 2023 529 quorum
2063 438 2482 507 testimonum
2525 435 2595 501 in
2616 434 2740 501 hiis
2762 432 2875 499 suf-

517 538 744 604 ficiens
769 536 966 623 atque
980 532 1269 600 validum
1318 530 1735 619 approbatur.
1782 533 1843 611 g.
1870 530 1932 593 3.
1978 526 2150 595 Sunt
2192 532 2421 613 postea
2462 522 2679 591 coloni
2722 520 2876 605 prin·

520 623 768 713 cipales
785 673 802 707 ,
863 622 978 709 qui
1038 619 1402 707 vulgariter
1460 641 1506 706 g
1522 640 1636 683 ew
1659 640 1696 683 e
1713 614 1810 681 rk
1826 636 1863 681 e
1880 638 1923 681 n
1986 615 2317 694 dicuntur,
2383 619 2451 677 et
2508 606 2877 682 secundarii,

519 722 586 781 et
642 711 837 792 tertii,
897 717 963 775 et
1007 708 1338 793 deinceps,
1383 706 1500 793 qui
1544 702 1908 789 vulgariter
1965 698 2511 769 lehenhewer
2570 696 2879 774 dicuntur,

519 797 607 865 ad
642 819 808 884 quos
850 796 1105 862 lucrum
1175 802 1242 859 et
1295 792 1655 879 dampnum
1716 787 1977 855 illarum
2024 786 2676 874 argentifodinarum,
2736 802 2880 869 quas

520 884 853 963 excolunt,
873 879 1326 970 principaliter
1349 879 1713 945 dinoscitur
1740 877 2089 964 pertinere.
2135 878 2193 958 ἓ.
2216 874 2280 940 4.
2305 874 2654 939 Praeterea
2668 875 2884 936 suntet

521 971 690 1038 aliae
733 969 979 1036 multae
1024 989 1362 1053 personae,
1409 986 1687 1053 quorum
1712 962 1930 1028 coloni
1955 969 2229 1028 utuntur
2272 980 2473 1047 opera
2517 954 2881 1045 supradicti,

522 1060 606 1125 de
651 1057 892 1144 quibus
934 1054 1108 1121 infra
1153 1054 1289 1119 suis
1334 1052 1499 1118 locis
1541 1050 1805 1139 plenius
1850 1048 2161 1115 edicetur.

1547 1592 1722 1675 (lap.
1770 1590 1892 1657 lu.

1075 1766 1177 1830 De
1219 1763 1585 1831 wrburam'is
1628 1775 1685 1829 et
1724 1765 2029 1851 reqimine
2071 1766 2371 1851 ipsorum·

703 1920 1074 1987 Tractaturi
1120 1920 1350 1985 divina
1394 1918 1666 1986 favente
1723 1920 1937 2005 gratia
1982 1920 2065 1985 de
2109 1918 2491 2000 urburariis‚
2541 1917 2623 1983 de
2668 1914 2901 2003 quibus

530 2029 763 2096 parum
810 2007 918 2073 vel
978 2006 1144 2072 nihil
1203 2027 1416 2092 usque
1475 2005 1560 2071 ad
1621 2006 1785 2073 haec
1841 2014 2138 2093 tempora
2197 2006 2515 2093 scriptum
2574 2011 2697 2084 est,
2762 2022 2899 2067 cum

531 2106 752 2161 tamen
810 2092 975 2159 nihil
1037 2094 1123 2159 sit
1180 2093 1264 2160 de
1326 2093 1863 2179 contingentibus
1924 2091 2438 2175 obmittendum,
2498 2089 2895 2157 luculentam

531 2181 867 2249 trademus
913 2178 1299 2246 doctrinam.

699 2273 756 2351 ξ.
809 2271 865 2333 1.
909 2265 1259 2332 Urburarii
1321 2272 1539 2332 autem
1602 2264 1915 2332 dicuntur
1990 2265 2075 2331 ab
2136 2263 2419 2345 urbura,
2480 2283 2678 2351 quam
2744 2263 2767 2328 i
2816 2262 2901 2329 sis

530 2361 669 2421 tota
711 2352 840 2420 fide
900 2354 1370 2420 committimus
1427 2350 1949 2438 gubernandam,
2008 2361 2085 2418 ut
2142 2353 2527 2419 universum
2585 2370 2773 2438 popu
2798 2369 2897 2413 um

533 2449 918 2507 montanum
979 2438 1170 2505 nobis
1229 2437 1707 2525 acceptabilem
1766 2437 2048 2508 reddant
2110 2449 2311 2527 atque
2369 2445 2629 2524 gratum
2690 2436 2906 2522 (cujus

532 2528 946 2593 defensorem
995 2548 1117 2591 nos
1142 2526 1483 2593 constituit
1507 2526 1749 2593 Oriens
1787 2548 1873 2591 ex
1895 2525 2093 2613 alto),
2127 2526 2213 2593 ab
2238 2526 2416 2593 omni
2458 2522 2711 2611 injuria
2760 2542 2907 2589 con·

535 2620 821 2695 servent,
869 2634 908 2677 a
952 2611 1358 2701 quibuslibet
1403 2613 1597 2679 noxis
1644 2611 2084 2698 defendendo,
2132 2611 2629 2699 discordiasque
2674 2609 2903 2675 sedent

534 2702 707 2765 inter
748 2718 903 2765 suos
948 2698 1265 2782 subditos,
1310 2698 1556 2786 ubique
1601 2698 2023 2767 concordiam
2069 2698 2523 2779 reformand03
2571 2718 2687 2762 cur
2740 2695 2905 2763 enim

535 2786 620 2853 ad
683 2807 866 2851 arma
925 2794 991 2851 et
1033 2785 1119 2851 ad
1161 2788 1342 2851 rixas
1402 2786 1758 2873 procedere
1821 2783 2175 2873 patiantur,
2235 2806 2401 2873 quos
2461 2791 2745 2873 possunt
2790 2802 2900 2847 sus

539 2873 987 2938 ‘urisdictiene
1063 2892 1476 2960 compescere
1550 2875 1621 2938 in
1698 2873 1953 2959 quiete,
2028 2882 2102 2938 ut
2161 2872 2373 2939 dictus
2433 2868 2722 2958 populus
2783 2868 2907 2934 suis

536 2958 877 3026 laboribus
922 2968 988 3025 et
1031 2966 1294 3025 nostrae
1339 2958 1435 3026 rei
1479 2957 1789 3048 publicae
1853 2958 2103 3025 utiliter
2167 2959 2385 3025 valeat
2430 2955 2771 3040 insudare,
2816 2976 2908 3020 ar·

534 3043 970 3134 gentifodium
1015 3053 1310 3111 nostrum
1371 3046 1440 3111 in
1500 3047 1679 3111 omni
1739 3053 1925 3133 parte
1986 3044 2348 3113 liberaliter
2413 3041 2809 3127 excolende,
2854 3047 2912 3107 et

535 3132 988 3220 unusquisque
1048 3129 1325 3219 pacifice
1383 3132 1720 3219 possideat
1781 3142 1845 3198 et
1888 3133 2127 3220 quiete,
2189 3131 2366 3219 quod
2427 3130 2555 3197 sibi
2615 3150 2764 3196 sors
2810 3128 2911 3195 de·

536 3219 707 3284 derit
750 3216 1016 3301 divina3
1081 3217 1162 3283 de
1207 3220 1344 3284 suis
1388 3220 1611 3307 itaque
1657 3220 1913 3305 possint
1957 3218 2295 3285 laboribus
2342 3219 2465 3285 sub
2515 3216 2727 3304 regali
2773 3236 2908 3304 pro-

541 3305 828 3371 tectione
873 3306 1102 3371 merito
1141 3304 1516 3391 jocundari,
1559 3328 1713 3385 non,
1762 3314 1836 3371 ut
1856 3306 2034 3393 quod
2079 3308 2356 3394 quisque
2398 3303 2685 3391 vigilans
2732 3302 2906 3369 labo-

538 3412 824 3479 ransque
866 3390 1037 3456 lucri
1082 3393 1474 3473 invenerint,
1521 3390 1815 3480 alterque
1878 3392 2209 3459 dormiens
2248 3392 2724 3479 negligensque
2772 3390 2907 3455 sine

537 3479 794 3546 ratione
840 3487 1118 3565 occupet
1163 3477 1503 3561 violenter,
1564 3480 1720 3566 quia
1764 3478 2243 3562 laborantibus,
2290 3488 2355 3545 et
2401 3500 2533 3545 non
2576 3475 2906 3565 negligen-

535 3565 713 3632 tibus
760 3566 1004 3630 nostris
1065 3562 1470 3631 intendimus
1543 3564 1801 3651 legibus
1880 3564 2252 3651 subvenire,
2326 3588 2449 3633 nec
2509 3585 2903 3652 quemquam

537 3652 809 3721 alterius
854 3651 1241 3738 locupletari
1279 3651 1544 3739 jactura
1578 3654 1777 3738 juxta
1836 3652 2163 3739 legitimas
2222 3654 2595 3719 sanctiones
2644 3652 2763 3736 jus
2808 3671 2911 3737 pa·

534 3742 694 3808 titur
735 3737 1056 3805 naturale.
1103 3739 1235 3805 Sed
1282 3759 1432 3803 cum
1479 3737 1673 3805 homo
1738 3739 2124 3825 dignissima
2184 3740 2269 3807 sit
2312 3747 2785 3820 creaturarum,
2834 3758 2907 3803 eo

537 3826 713 3918 quod
759 3825 884 3891 sibi
929 3827 1241 3913 competit
1285 3826 1381 3891 uti
1425 3827 1700 3908 ratione,
1727 3835 2027 3913 optamus
2065 3827 2287 3893 omnia
2330 3826 2493 3892 haec
2536 3824 2678 3891 fieri
2720 3844 2910 3911 prae·

536 3917 646 3981 via
691 3914 966 3996 ratione,
1014 3935 1182 3999 quae
1227 3915 1542 3979 virtutum
1592 3915 1883 3979 omnium
1946 3912 2191 3980 dicitur
2250 3934 2395 3983 esse
2439 3922 2671 3994 mater,
2714 3920 2909 3998 prout

534 4002 922 4068 auctoritate
987 4000 1488 4069 eminentissimi
1553 4000 1823 4067 moralis
1904 3998 2274 4087 philosophi
2330 4000 2617 4070 Senecae
2682 4019 2909 4085 recep-

535 4097 673 4154 tum
721 4097 822 4154 est
865 4085 1181 4154 dicentis:
1222 4087 1397 4175 quod
1415 4087 1627 4154 virtus
1672 4096 1771 4153 est
1813 4088 1952 4153 filia
1994 4089 2287 4163 rationis,
2332 4089 2701 4174 iterumque
2750 4085 2911 4151 scri-

533 4174 752 4240 bentis
809 4175 1186 4259 imperatori
1245 4175 1512 4259 Neroni,
1574 4197 1618 4241 a
1660 4176 1935 4241 rationis
1997 4176 2315 4261 regimine
2374 4172 2811 4240 exorbitanti:
2858 4170 2911 4235 si

534 4262 637 4327 vis
683 4261 901 4325 omnia
941 4259 1064 4326 tibi
1110 4261 1457 4349 subjicere,
1516 4269 1583 4328 te
1630 4260 1885 4348 subjice
1944 4262 2221 4345 rationi3
2292 4260 2535 4329 multos
2583 4260 2755 4326 enim
2809 4279 2908 4323 re·

524 2898 553 2959 ξ..
