3150 5017
1195 327 1281 341 -—
1369 291 1672 358 249—

1406 553 1513 619 88.

426 686 713 774 Terrae
756 687 1193 773 Plisnensis
1250 692 1337 772 et
1394 687 1815 793 Egirensis
1863 684 2442 795 oppigneretis.

1156 828 1345 909 1292,
1395 829 1494 894 11.
1540 827 1729 915 Maji.

446 985 493 1035 Ε
538 982 723 1035 codiee
769 983 1124 1051 diplomatum
1171 984 1533 1037 boemieorum
1589 985 2022 1051 Norimbergensi
2083 986 2408 1052 exscriptum
2465 985 2612 1037 dedit

258 1053 425 1105 Petrus
457 1054 523 1105 de
554 1052 815 1119 Ludewig
846 1054 907 1103 in
940 1052 1109 1105 libro:
1156 1053 1437 1119 Reliquiae
1472 1055 1956 1121 manuscriptorum
1993 1054 2167 1106 omnis
2201 1056 2324 1107 aevi
2359 1054 2617 1121 diploma-

259 1127 355 1173 tum
387 1136 449 1174 se
480 1128 964 1175 monumentorum.
1000 1124 1150 1175 Tom.
1189 1124 1255 1175 V.
1289 1140 1343 1190 p.
1378 1126 1499 1175 434.

403 1241 741 1329 Adolphus
807 1241 937 1307 Dei
997 1244 1213 1329 gratia
1278 1242 1724 1311 Romanorum
1783 1264 1906 1309 rex
1976 1264 2236 1331 semper
2280 1253 2622 1331 augustus.

402 1329 959 1415 Recognoscimus
1020 1338 1087 1395 et
1146 1338 1375 1395 tenore
1437 1331 1882 1417 praesentium
1931 1339 2392 1417 protestamus,
2439 1332 2616 1421 quod

252 1435 381 1479 cum
452 1415 733 1483 illustris
806 1415 1246 1483 Wenceslaus
1314 1438 1435 1481 rex
1492 1417 1826 1499 Boemiae,
1902 1415 2194 1483 marchio
2252 1416 2617 1501 Mol-aviae,

253 1500 377 1566 dux
438 1502 799 1569 cracoviae
858 1512 923 1569 et
984 1502 1471 1586 Santomeriae,
1534 1504 1763 1570 decem
1824 1504 2034 1569 millia
2095 1526 2462 1570 marcarum
2511 1528 2616 1571 ar-

248 1589 432 1673 genti,
503 1610 675 1677 quae
720 1610 839 1677 pro
905 1587 1056 1655 dote
1120 1588 1304 1656 filiae
1368 1611 1529 1655 suae
1573 1589 1828 1672 inclyto
1870 1591 2162 1678 Ruperto
2205 1590 2350 1656 filio
2393 1600 2620 1659 nostro

256 1672 393 1741 dare
440 1684 720 1758 tenetur,
761 1677 1018 1742 ratione
1041 1676 1389 1758 amicitiae,
1434 1678 1924 1763 praeveniendo
1971 1677 2318 1744 solutionis
2361 1687 2626 1765 tempus

250 1758 541 1846 debitum,
589 1764 660 1828 in
705 1761 891 1828 festis
914 1764 1411 1850 Assumptionis
1454 1763 1690 1829 beatae
1712 1764 2008 1851 Virginis
2051 1762 2306 1831 Mariae
2349 1775 2416 1831 et
2457 1766 2620 1853 Epi-

246 1846 502 1932 phaniae
577 1849 847 1914 Domini
910 1851 1211 1937 proxime
1258 1872 1437 1915 nunc
1495 1851 1812 1933 venturis,
1873 1851 2451 1939 proportionaliter
2497 1852 2622 1919 sol-

244 1954 381 2001 vere
436 1938 818 2023 promiserit
862 1944 929 2002 et
988 1956 1267 2022 pagare:
1327 1958 1451 2001 nos
1510 1944 1752 2002 terram
1813 1937 2248 2020 Plisnensem,
2311 1937 2621 2007 videlicet

245 2032 509 2089 castrum
562 2031 631 2089 et
674 2021 991 2109 oppidum
1036 2021 1501 2107 Aldenburgk,
1550 2024 1882 2106 Kemnitz,
1941 2024 2244 2089 Zuickav
2305 2033 2370 2090 et
2414 2033 2620 2091 totam

241 2115 463 2175 terram
525 2110 943 2175 Plisnensem
1008 2130 1153 2174 cum
1235 2109 1542 2175 omnibus
1611 2109 1904 2193 vasallis,
1966 2110 2364 2195 hominibus,
2427 2110 2620 2177 bonis

241 2193 505 2262 feodatis
552 2218 674 2262 seu
718 2218 853 2262 non
914 2194 1217 2277 feodatis,
1270 2196 1565 2283 judiciis,
1626 2195 2015 2279 theoloneis,
2069 2196 2336 2282 juribus
2396 2205 2462 2263 et
2505 2197 2616 2264 ho·

238 2281 493 2349 noribus
538 2304 623 2348 ac
674 2282 823 2348 aliis
869 2283 1282 2369 pertinentiis
1328 2281 1413 2349 ad
1457 2305 1604 2349 eam
1630 2282 2102 2371 spectantibus,
2150 2305 2228 2349 eo
2265 2285 2438 2371 jure,
2486 2305 2614 2371 quo

238 2366 313 2431 ad
349 2391 419 2435 re
506 2392 572 2435 m
628 2370 1075 2435 Romanorum
1138 2376 1435 2456 spectare
1496 2391 1614 2436 seu
1675 2371 2003 2457 pertinere
2049 2379 2446 2453 noscuntur3
2493 2392 2617 2438 nec

238 2475 357 2519 non
398 2392 654 2609 ἐξηω
708 2457 1043 2521 civitatem
1106 2465 1173 2521 et
1232 2464 1523 2522 castrum
1587 2478 1736 2522 cum
1799 2478 1919 2523 suo
1964 2456 2314 2539 territorio,
2359 2459 2610 2541 castris,

232 2539 471 2609 homi-ni
523 2564 627 2626 us,
687 2542 881 2609 bonis
938 2542 1221 2608 feodatis
1282 2564 1399 2609 seu
1444 2564 1577 2609 non
1625 2542 1923 2621 feodatis,
1981 2542 2278 2628 vasallis,
2315 2542 2614 2630 Judiciis,

233 2625 545 2697 theloneis
592 2638 660 2695 et
704 2628 1014 2695 omnibus
1070 2628 1513 2697 solutionibus
1572 2651 1652 2695 ac
1701 2630 1970 2717 juribus
2012 2631 2364 2713 universis,
2412 2653 2610 2718 quam

231 2712 309 2777 sd
346 2736 569 2803 regem
614 2716 1057 2782 Romanorum
1119 2724 1419 2802 spectare
1478 2738 1596 2783 seu
1655 2717 1984 2803 pertinere
2043 2726 2422 2801 noscuntur,
2483 2719 2604 2802 hy-

230 2799 653 2881 pothecamus
670 2811 737 2870 et
776 2804 1275 2891 inpignoramus
1298 2812 1365 2869 et
1384 2802 1828 2891 hypothecata
1869 2812 1934 2870 et
1955 2805 2376 2890 inpignorata
2419 2822 2610 2891 prae-

232 2888 516 2955 sentibus
586 2892 1037 2976 assignamus,
1094 2890 1421 2955 tradimus
1435 2912 1563 2976 que
1630 2888 1806 2957 dicto
1867 2890 2134 2955 domino
2192 2890 2615 2975 Wenceslao,

228 2975 353 3061 regi
398 2977 738 3059 Boemiae,
784 2984 867 3043 et
909 2974 1267 3043 heredibus
1310 2978 1447 3042 suis
1492 2999 1614 3063 pro
1658 2978 1942 3128 pecunia
1987 2976 2381 3065 praelibata.

386 3062 581 3145 Quae
646 3072 881 3129 tamen
941 3064 1397 3150 inpignoratio
1457 3085 1575 3128 seu
1619 3085 1658 3151 o
1711 3064 1938 3150 ligatio
1997 3072 2350 3130 evanescet
2395 3072 2460 3131 et
2505 3085 2615 3149 pe·

230 3146 395 3213 nitus
441 3149 844 3215 dissolvetur
912 3150 1181 3236 nuptiis,
1243 3151 1415 3214 inter
1480 3158 1776 3215 nostrum
1822 3150 2029 3215 filium
2078 3158 2144 3215 et
2187 3151 2396 3233 ipsius
2441 3151 2614 3236 regis

235 3231 426 3299 filiam
474 3235 849 3302 celebratis.

382 3321 539 3388 Hoc
583 3331 774 3409 pacto
807 3343 1151 3408 expresso,
1199 3322 1433 3409 quodsi
1454 3323 1597 3409 regi
1617 3323 1928 3390 Boemiae
1950 3322 2035 3391 de
2060 3322 2350 3389 dominio
2395 3323 2614 3408 Egrae

222 3406 551 3489 praedicto
608 3408 865 3496 aliquid
918 3410 1099 3495 juris
1162 3418 1533 3496 competere
1594 3409 1930 3479 videbitur
1989 3432 2106 3477 seu
2167 3411 2499 3497 competit,
2547 3418 2614 3475 et

219 3492 282 3557 id
324 3497 570 3580 poterit
642 3496 938 3582 legitime
994 3494 1270 3561 edocere
1328 3495 1555 3562 literis·
1601 3518 1718 3563 seu
1765 3498 2224 3567 instrumentis
2304 3519 2384 3563 ac
2459 3496 2610 3563 aliis

220 3582 653 3662 praeconibus
699 3582 1259 3669 competentibus,
1300 3582 1468 3649 illud
1514 3583 1641 3649 sibi
1687 3584 2093 3651 dimittemus
2119 3585 2260 3652 sine
2306 3582 2610 3652 molestia

220 3666 575 3750 cujuslibet
616 3678 683 3735 et
724 3690 1045 3757 pressura.
2074 3688 2079 3693 ·

380 3754 465 3819 In
513 3754 713 3842 hujus
756 3757 859 3821 rei‘
897 3756 1348 3823 testimonium
1374 3765 1756 3843 praesentes
1800 3756 2026 3823 literas
2071 3755 2272 3823 scribi
2317 3755 2598 3829 fecimus

224 3846 283 3902 et
328 3841 381 3905 si
430 3840 533 3906 ini
578 3846 783 3908 nostri
832 3842 1193 3909 munimine
1240 3842 1556 3909 roborari.
2397 3860 2404 3867 ·
2463 3886 2470 3915 ;

268 3924 273 3930 ’
456 3930 643 3996 atum
700 3928 877 4016 apud
954 3928 1428 4006 Frankenfurt,
1503 3929 1586 3995 V.
1630 3929 1790 3995 Idus
1866 3931 2031 4017 Maji
2093 3952 2270 3996 anno
2332 3930 2604 3999 Domini

219 4008 607 4099 MOOXOII,
646 4017 833 4105 regni
877 4037 1035 4084 vero
1076 4017 1283 4083 nostri
1326 4037 1500 4083 anno
1544 4018 1778 4102 primo·
2543 4032 2550 4039 “
