3150 5017
1491 311 1981 380 ...52-·

683 486 784 554 'Ut
823 495 1042 554 autem
1063 507 1378 574 praesens
1422 485 1841 572 privilegium
1886 488 1975 552 sit
2003 487 2077 554 vin
2100 492 2487 574 perpetuum
2518 484 2895 572 valiturum,

517 578 756 641 nostris
801 573 1038 661 sigillis
1079 573 1356 639 fecimus
1401 573 1717 640 roborari.
2682 603 2684 606 ⁴

688 663 854 729 Acta
898 669 1050 727 sunt
1070 660 1234 726 haec
1259 681 1476 726 coram
1521 659 1625 727 bis
1638 660 1947 726 testibus:
1994 659 2287 730 Dalebor
2298 660 2527 748 judeX,
2560 659 2882 728 Martinus

514 751 860 854 pincerna,
907 749 1134 831 Jaros,
1177 746 1587 830 Bcbuslaus,
1644 747 1957 824 Zdeslau,
2005 747 2235 830 Gesta,
2281 747 2597 831 Wsebor,
2644 746 2881 816 Zauise

505 836 749 924 Judex,
791 836 1148 902 Nicholaus
1164 884 1182 917 ‚
1227 834 1591 911 Hridebor,
1635 835 1818 902 Iwan
1838 883 1855 916 ,
1904 834 2233 910 Cresislau
2250 883 2272 918 ,
2313 835 2666 920 Heinricus
2715 833 2890 924 dapi-

513 925 632 1008 fer,
678 923 910 992 Coiata
953 921 1352 1010 subdapifer,
1398 921 1755 990 Heinricus
1799 921 1973 988 filius
2017 923 2321 992 Bohutae
2340 971 2361 1002 ,
2406 921 2669 990 Olricus
2716 921 2890 988 filius

513 1011 557 1077 J
557 1012 718 1094 urio,
762 1011 1067 1078 Zbramir
1099 1008 1312 1098 judex
1358 1006 1440 1074 de
1486 1007 1731 1078 Plizen.

686 1099 932 1165 Datum
977 1099 1228 1184 Pragae
1271 1117 1389 1184 per
1435 1117 1669 1162 manus
1713 1095 1929 1163 fidelis
1976 1095 2358 1165 cancellarii
2412 1097 2619 1164 nostri
2680 1095 2887 1181 Bene-

513 1185 672 1250 dicti
716 1195 780 1252 et
821 1186 1176 1272 praepositi
1220 1184 1777 1250 Lutomiricensis.
1868 1183 2065 1252 Anno
2114 1183 2481 1249 dominicae
2540 1185 2888 1250 incarnati-

511 1273 656 1338 onis
699 1271 1156 1355 M.GO.XX11,
1198 1293 1377 1339 anno
1421 1290 1578 1338 vero
1624 1272 1811 1357 regni
1856 1273 2063 1344 nostri
2108 1271 2347 1354 XXV„
2394 1267 2761 1338 Indictione
2802 1267 2884 1338 X.

513 1379 744 1427 mense
786 1359 1010 1427 Martii
1057 1359 1165 1427 die
1211 1359 1299 1422 X.
1710 1404 1717 1412 -
2457 1411 2479 1429 ,.

1177 1445 1450 1514 (Sigillum
1483 1445 1548 1498 de
1584 1459 1709 1504 caera
1741 1445 1907 1501 rubea
1940 1447 2219 1514 pendens.)

680 1533 776 1620 A)
821 1535 972 1598 Paoe
1014 1534 1182 1619 reyis
1227 1531 1520 1596 Ottacari
1557 1533 1630 1596 in
1672 1554 1871 1599 manu
1912 1534 2020 1599 sci.
2078 1528 2441 1599 Wences'lai.
2526 1585 2531 1591 .

695 1621 788 1707 R)
831 1617 1106 1687 Sanctus
1160 1617 1554 1685 Wmooszam
1598 1619 1975 1685 Boemorum
2018 1619 2170 1684 dux.

1325 1808 1951 1954 Q&

679 1967 976 2034 Libertas
1020 1975 1238 2033 autem
1281 1965 1446 2034 haec
1489 1975 1611 2051 est,
1667 1990 1862 2056 quam
1904 1989 1949 2035 a
1992 1968 2235 2054 pietate
2278 1965 2503 2037 nostra
2537 1966 2881 2036 statuimus

509 2063 576 2122 et
619 2057 949 2124 sancimus
992 2055 1271 2123 firmiter
1315 2054 1674 2139 observari,
1722 2055 2003 2120 scilicet:

591 2172 596 2180 ¹
680 2145 734 2210 1.
782 2143 1028 2211 Omnes
1071 2141 1266 2209 villas
1313 2151 1378 2208 et
1421 2144 1892 2229 possessiones,
1938 2163 2105 2228 quas
2140 2141 2334 2209 modu
2382 2139 2660 2209 ecclesia
2706 2141 2878 2230 (illa)

409 2254 418 2345 ἱ
501 2232 790 2320 possidet
832 2230 941 2296 vel
985 2239 1213 2318 postea
1257 2237 1362 2294 est
1403 2250 1803 2315 possessura,
1849 2229 2227 2316 ubicunque
2282 2235 2353 2298 iu
2397 2250 2599 2316 regno
2646 2237 2865 2296 nostro

407 2351 422 2436 ᾗ
503 2321 666 2384 sitae
711 2326 882 2401 sunt,
928 2318 1066 2382 sive
1089 2318 1158 2380 in
1181 2317 1477 2399 Boemia,
1523 2319 1663 2383 sive
1706 2317 1776 2382 in
1820 2313 2141 2398 Moravia,
2184 2313 2269 2381 ab
2315 2319 2493 2385 omni
2539 2337 2736 2385 onere
2765 2316 2877 2382 tri·

413 2437 425 2504 ἑ
503 2405 830 2488 buterum,
874 2403 1313 2489 vectigalium,
1359 2401 1803 2486 collectarum,
1848 2423 1965 2470 seu
2010 2403 2207 2474 etiam
2244 2401 2736 2476 forestariorum
2764 2425 2879 2470 no-

417 2497 428 2540 ῑ
505 2500 783 2558 atrorum
831 2491 943 2578 qui
987 2491 1188 2577 vulgo
1235 2489 1501 2556 lovchi
1561 2489 2017 2578 appellantur,
2086 2489 2361 2578 aliisque
2422 2489 2881 2559 exactionibus

503 2579 641 2646 sive
683 2580 755 2644 in
800 2577 1293 2666 quatuordecim
1338 2577 1424 2642 ad
1481 2579 1849 2666 principem
1907 2577 2017 2643 vel
2074 2578 2531 2655 beneficiarios
2574 2587 2879 2666 spectari-0

503 2666 698 2749 tibus,
745 2687 1158 2753 quocumque
1201 2665 1390 2730 modo
1434 2667 1875 2748 nominentur,
1922 2686 2063 2736 esse
2109 2663 2462 2742 absolutas,

674 2755 737 2819 2.
784 2752 1188 2840 adJicientes,
1235 2760 1312 2817 ut
1353 2752 1576 2820 nullus
1623 2754 1992 2840 principum
2014 2773 2460 2828 successorum
2505 2761 2874 2837 nostrorum

384 2811 420 3076 )
500 2838 607 2907 vel
653 2839 971 2907 baronum
1017 2840 1208 2905 nobis
1251 2838 1360 2905 vel
1403 2843 1497 2905 eis
1543 2841 1984 2927 subjectorum
2002 2886 2021 2921 ,
2063 2862 2184 2927 ‚pro
2230 2849 2589 2907 castrorum
2652 2837 2877 2928 aedifi·

499 2929 754 2995 catione
797 2925 905 2995 vel
947 2926 1474 2993 reaedificatione
1518 2926 1627 2994 vel
1673 2926 1893 3014 aliqua
1936 2928 2266 3012 ingruenti
2312 2919 2734 3014 expeditione
2756 2924 2873 2992 he-

394 3025 396 3028 ’
498 3018 705 3082 mines
825 3015 1086 3100 raefati)
1129 3015 1508 3081 monasterii
1554 3013 1795 3080 audeat
1838 3015 2223 3100 inquietare.
2468 3075 2472 3082 ,
2724 3089 2728 3096 ‚

425 3109 458 3246 >
671 3105 730 3170 3.
775 3037 896 3168 §us
941 3109 1161 3166 autem
1207 3101 1382 3190 quod
1427 3101 1620 3166 datur
1662 3123 1782 3189 pro
1828 3102 2063 3188 capite,
2110 3101 2205 3166 eis
2252 3099 2695 3184 concedimus,

665 3190 732 3257 4.
775 3189 902 3254 hec
945 3187 1029 3253 de
1073 3188 1218 3253 fure
1262 3195 1657 3256 statuentes:
1706 3189 1776 3254 Si
1838 3189 1907 3255 in
1956 3209 2177 3256 eorum
2240 3187 2498 3254 habitat
2602 3186 2867 3254 essessi·

493 3275 750 3358 onibus,
795 3284 861 3341 et
885 3274 1350 3364 deprehensus
1392 3275 1592 3342 fuerit
1635 3277 1703 3342 in
1748 3275 1924 3343 furto
1970 3276 2336 3359 manifesto,
2382 3273 2490 3356 vel
2530 3336 2535 3344 ,
2582 3296 2619 3340 e
2641 3273 2867 3364 aliquo

494 3363 748 3428 occulto
796 3372 1158 3449 accusetur,
1205 3361 1514 3429 videlicet
1606 3363 1777 3430 uoad
1813 3361 2135 3447 judicium
2180 3362 2336 3429 ferri
2361 3359 2727 3446 candentis,
2758 3359 2869 3428 vel

491 3471 734 3538 aquae,
796 3449 903 3516 vel
961 3471 1260 3516 vomeres
1327 3385 1676 3516 calcangos
1737 3451 1843 3516 vel
1902 3448 2123 3532 duelli,
2187 3457 2255 3515 et
2310 3447 2739 3529 convincatur
2790 3448 2871 3539 in

453 3537 706 3627 galiquo
751 3540 1025 3603 istorum
1069 3539 1140 3601 in
1175 3535 1429 3624 judicio
1475 3536 1773 3618 seculari,
1825 3535 2035 3602 eidem
2080 3537 2477 3622 monasterio
2500 3533 2677 3605 bona
2699 3535 2863 3603 furis

453 3626 628 3691 Jsive
671 3623 767 3692 rei
810 3622 1211 3710 integraliter
1250 3631 1654 3707 remaneant,
1690 3623 1949 3704 judices
1992 3632 2213 3698 autem
2258 3619 2536 3712 quorum
2563 3621 2855 3706 interest,

489 3711 737 3778 faciant
781 3711 864 3777 de
907 3733 984 3778 eo
1029 3711 1209 3798 quod
1255 3713 1350 3777 eis
1387 3713 1642 3798 justum
1687 3709 2038 3778 videbitur.
2134 3765 2138 3772 .
2586 3773 2591 3780 ,
2858 3781 2865 3788 ,

657 3800 720 3864 5.
767 3799 838 3864 Si
885 3807 1102 3866 autem
1133 3797 1446 3867 homines
1493 3796 1799 3883 ejusdem
1846 3799 2226 3865 monasterii
2271 3819 2491 3864 coram
2525 3795 2863 3886 judicibus

449 3861 729 3961 fnestris
774 3883 1138 3973 culpabiles
1181 3885 1627 3969 inveniantur,
1674 3907 1797 3950 nec
1841 3883 2032 3964 nobis
2080 3907 2201 3950 nec
2234 3880 2575 3972 judicibus
2620 3880 2859 3958 nostris

485 3971 840 4038 curialibus
885 3975 992 4040 vel
1036 3972 1472 4038 beneficiariis
1497 3969 1746 4060 aliquid
1790 3971 1945 4042 inde
1988 3971 2289 4038 utilitatis
2331 3972 2695 4060 proveniat,
2741 3960 2855 4037 secl

443 4061 660 4148 japud
703 4059 875 4126 idem
923 4059 1312 4128 coenobium
1359 4059 1593 4146 culpae
1636 4066 2009 4146 perseveret
2052 4057 2435 4143 satisfactiO,
2479 4057 2607 4126 nisi
2651 4059 2721 4145 in
2760 4079 2857 4143 eo„

438 4135 451 4164 ⁴
484 4148 554 4213 in
597 4169 728 4236 quo
772 4156 1082 4214 tenentur
1126 4146 1506 4214 satisfacere
1550 4145 1951 4213 adversario.
2828 4158 2833 4166 ’

653 4237 714 4302 6.
761 4235 1070 4302 Ceterum
1113 4243 1194 4300 ut
1249 4235 1470 4300 omnia
1527 4233 1840 4303 breviter.
1878 4232 2528 4320 comprehendamus,
2597 4254 2857 4327 omnem

479 4321 827 4391 utilitatem
874 4343 1042 4410 quae
1089 4328 1344 4408 spectat
1403 4319 1488 4386 ad
1551 4341 1709 4387 usus
1752 4328 2017 4388 nostros
2073 4320 2183 4388 vel
2230 4339 2711 4407 successorum!
2744 4341 2856 4403 n07
