3150 5017
1407 261 1881 330 ...224-

453 433 771 504 effrenata
836 433 1121 523 quadam
1187 435 1455 502 licentia
1524 437 1930 524 perpetravit
1971 435 2146 522 quod
2193 434 2420 517 voluit,
2465 457 2602 502 non
2647 435 2829 502 diva-

532 533 641 590 tur
696 525 996 609 inpunis:
1058 531 1331 588 cunctos
1392 523 1690 609 ejusdem
1751 524 2038 587 civitatis
2101 527 2282 588 cives
2341 545 2383 588 a
2441 522 2612 590 festo
2654 523 2831 589 beati

448 546 793 676 ffichaelis
852 610 1063 696 primo
1136 608 1356 675 futuro
1415 631 1537 698 per
1595 611 1754 674 anni
1812 611 2010 674 unius
2083 608 2402 676 circulum
2461 608 2830 676 revolutum

450 695 574 762 sub
618 696 994 783 hujusmodi
1043 703 1430 762 statutorum
1480 717 1714 762 norma
1757 718 1845 762 ex
1890 694 2257 763 deliberato
2303 696 2827 762 consiliariorum

448 791 823 849 nostrorum
867 781 1142 848 consilio
1186 783 1410 849 vivere
1453 783 1762 849 volumus
1808 791 1875 848 et
1915 805 2214 850 manere:
2293 829 2300 842 ·
2580 818 2586 856 ς

626 872 681 935 1.
728 869 840 952 Ut,
886 871 943 934 si
985 868 1227 956 aliquis
1272 891 1359 935 ex
1406 869 1666 935 civibus
1709 869 2061 935 antedictis
2107 869 2428 935 adversus
2455 869 2658 936 alium
2705 871 2830 934 ini-

448 956 729 1022 micitias
786 957 1063 1042 gesserit
1119 954 1229 1022 vel
1290 955 1600 1024 habuerit
1655 955 1970 1038 occultas,
2029 955 2145 1022 ille
2205 966 2445 1024 contra
2477 979 2678 1043 quem
2719 977 2826 1042 ge-

328 1041 331 1044 ’
447 1052 694 1124 rentur,
756 1063 977 1108 coram
1023 1043 1312 1128 Symone
1359 1042 1534 1108 dicto
1581 1042 1770 1125 Stult,
1833 1042 2146 1108 Cunrado
2190 1043 2504 1125 Juncmn,
2566 1042 2830 1108 liutulfo

450 1129 586 1195 filio
633 1129 1005 1196 Bernhardi
1048 1129 1241 1216 nigri,
1300 1129 1711 1196 Theoderico
1771 1128 1908 1194 filio
1970 1128 2285 1213 Wolflini,
2350 1129 2624 1196 Nicolao
2668 1129 2830 1197 -cri-

446 1218 660 1283 stinae
724 1225 791 1282 et
855 1216 1051 1281 Petro
1118 1217 1293 1280 dicto
1360 1215 1648 1283 Sceflero
1667 1264 1686 1297 ,
1752 1215 2012 1281 civibus
2070 1214 2518 1302 Pragensibus
2583 1217 2826 1304 juratis

449 1301 676 1368 electis
719 1324 761 1367 a
804 1301 997 1367 nobis
1042 1301 1124 1368 de
1170 1301 1446 1368 aliorum
1494 1301 1772 1368 consilio
1816 1303 2062 1367 civium
2123 1309 2192 1368 et
2235 1303 2496 1368 statutis
2541 1312 2607 1368 et
2649 1303 2828 1371 ordi·

448 1390 620 1459 natis
664 1389 751 1454 ad
796 1389 938 1471 hoc,
982 1397 1057 1454 ut
1102 1388 1537 1456 observentur
1597 1397 1664 1454 et
1722 1388 2060 1455 observari
2105 1388 2355 1455 faciant
2395 1390 2708 1456 universa
2751 1399 2818 1455 et

449 1476 709 1560 singula
768 1475 1074 1540 infr-ascri
1122 1484 1209 1558 ta,
1274 1485 1339 1542 et
1398 1476 1483 1541 ad
1542 1475 1917 1541 faciendum
1965 1485 2032 1541 et
2075 1474 2162 1540 ad
2207 1475 2644 1542 ordinandum
2685 1477 2824 1542 sin·

445 1562 605 1649 gula
640 1583 809 1649 quae
853 1563 1003 1649 paci
1050 1499 1267 1628 (lictae
1311 1563 1596 1628 civitatis
1639 1570 1705 1628 et
1747 1562 1980 1627 honori
2024 1571 2248 1627 nostro
2292 1562 2582 1628 viderint
2621 1585 2823 1651 expe-

452 1651 613 1726 dire,
634 1685 723 1698 —
744 1647 943 1714 debet
964 1667 1331 1736 proponere
1357 1669 1667 1714 accusare
1687 1646 1879 1713 illum
1922 1649 2036 1735 qui
2057 1651 2229 1734 gerit
2270 1649 2560 1718 occultas
2603 1651 2824 1714 inimi-

448 1737 639 1801 citias
684 1743 921 1800 contra
962 1737 1199 1818 ipsum,
1244 1743 1311 1800 et
1352 1744 1515 1802 tunc
1554 1734 1878 1821 praedicti
1923 1756 2062 1800 nexv
2080 1736 2288 1822 jurati
2331 1744 2643 1802 accusato
2661 1737 2822 1802 insi·

447 1820 771 1903 nuabunt,
816 1820 992 1908 quod
1036 1822 1353 1888 adversus
1399 1829 1857 1908 praetaxatum
1903 1831 2322 1889 accusantem
2339 1822 2638 1890 occultas
2652 1824 2831 1912 gerit

447 1909 842 1985 inimicitias,
886 1909 1315 1996 praecipient,
1359 1919 1433 1973 ut
1453 1906 1559 1974 vel
1585 1906 1872 1974 dimittat
1915 1930 2030 1996 eas
2051 1908 2163 1974 vel
2198 1909 2374 1996 quod
2397 1933 2532 1976 non
2561 1909 2824 1992 habeat,

449 2018 518 2061 se
564 1994 852 2079 legitime
898 1995 1138 2060 debeat
1180 2016 1569 2082 expurgare.

622 2083 685 2146 2.
734 2081 930 2162 Quod
988 2085 1043 2146 si
1105 2082 1325 2147 forsan
1386 2083 1561 2146 idem
1625 2080 1731 2146 vel
1793 2103 1912 2167 per
1971 2082 2345 2168 superbiam
2393 2082 2501 2149 vel
2544 2105 2664 2170 per
2710 2082 2825 2149 ali-

449 2190 645 2258 quam
692 2168 1117 2234 calliditatem
1165 2168 1452 2234 noluerit
1496 2167 1605 2234 vel
1652 2168 2020 2253 neglexerit
2063 2169 2461 2256 adimplere:
2509 2180 2657 2252 post
2701 2172 2821 2258 pri·

453 2278 625 2320 mam
695 2256 1117 2320 monitionem
1180 2254 1249 2318 X
1307 2254 1555 2320 talenta
1615 2253 2031 2320 denariorum
2077 2256 2287 2337 nobie,
2355 2268 2420 2322 et
2473 2257 2684 2340 judici
2749 2279 2830 2322 ac

447 2342 699 2407 civi-tati
728 2343 1017 2428 quinque
1042 2340 1292 2420 talenta
1320 2339 1668 2428 persolvet.
1717 2341 2024 2408 Secundo
2056 2345 2341 2408 monitus
2376 2345 2594 2420 signnn
2621 2344 2828 2411 adim·

448 2429 728 2515 pleverit
785 2426 976 2504 idem,
1025 2428 1092 2492 X
1136 2427 1385 2494 talenta
1430 2428 1848 2493 denariorum
1897 2427 2088 2494 nobis
2149 2439 2213 2494 et
2272 2431 2562 2517 quinque
2614 2430 2828 2518 judici

448 2525 514 2580 et
559 2515 810 2579 civitati
854 2516 995 2579 sine
1043 2535 1223 2579 mora
1272 2513 1527 2580 solvere
1574 2514 2024 2602 compellatur.
2070 2514 2290 2582 Tertio
2337 2538 2492 2582 vero
2540 2519 2826 2583 monitus

449 2622 574 2666 nec
618 2599 1009 2685 adimplens,
1071 2600 1263 2667 nobis
1330 2611 1397 2666 et
1447 2601 1657 2687 judici
1719 2611 1786 2667 et
1846 2602 2098 2666 civitati
2171 2600 2370 2668 simili
2441 2613 2505 2670 et
2563 2602 2823 2690 aequali

448 2685 776 2774 prioribus
817 2687 1211 2752 talentorum
1258 2686 1680 2754 mulctabitur
1726 2689 2109 2775 quantitate.
2171 2687 2328 2754 Post
2369 2691 2626 2755 tertiam
2673 2711 2828 2756 vero

448 2775 873 2838 monitionem
900 2775 954 2838 si
975 2775 1339 2860 pertinacia
1384 2777 1906 2860 perseveraverit
1948 2775 2015 2839 in
2063 2775 2386 2862 incoepta,
2432 2778 2518 2841 sit
2561 2799 2646 2842 ex
2705 2776 2828 2840 hoc

451 2862 669 2926 statim
716 2860 1054 2946 judicatus
1098 2861 1290 2927 nobis
1332 2861 1531 2926 rebus
1576 2863 1818 2947 pariter
1859 2869 1926 2926 et
1968 2882 2268 2948 persona.

622 2949 682 3012 3.
730 2947 1107 3027 Quemlibet
1141 2948 1336 3014 etiam
1372 2948 1846 3034 cujuscumque
1863 2947 2256 3013 conditionis
2290 2951 2549 3028 existat,
2579 2947 2827 3016 haben-

450 3045 582 3100 tem
630 3034 1011 3099 inimicitias
1056 3035 1459 3115 manifestas‚
1506 3032 1660 3100 dicti
1708 3056 1830 3100 sex
1877 3035 2084 3120 jurati
2132 3035 2514 3117 monebunt,
2561 3044 2634 3100 ut
2675 3057 2828 3102 cum

452 3121 737 3185 inimicis
784 3121 920 3184 suis
968 3120 1206 3185 debeat
1252 3120 1671 3187 concordare.
1718 3119 1851 3202 Qui
1883 3141 2040 3186 vero
2086 3121 2487 3186 concordare
2531 3141 2662 3186 non
2709 3143 2826 3208 po-

450 3209 625 3290 terit,
684 3206 1207 3272 adversariorum
1271 3207 1600 3292 protervia
1658 3216 2025 3294 respuente,
2087 3208 2196 3271 vel
2253 3209 2397 3295 ipse
2444 3207 2831 3274 refutaverit

451 3291 909 3378 dedignanter,
970 3291 1363 3374 monebitur,
1426 3301 1497 3356 ut
1551 3314 1770 3356 coram
1831 3294 1995 3380 ipsis
2049 3293 2292 3378 juratis
2343 3294 2459 3379 jus
2523 3294 2606 3359 de
2665 3296 2830 3380 ipsis

447 3381 809 3444 inimicitiis
848 3379 1045 3465 juxta
1088 3378 1265 3467 quod
1310 3379 1437 3444 sibi
1484 3381 1816 3466 competit,
1867 3380 2191 3446 adversus
2235 3380 2650 3448 adversarios
2682 3403 2832 3468 pro·

450 3474 782 3553 sequatur.
872 3465 1066 3545 Quod
1134 3465 1191 3530 si
1250 3474 1351 3530 ter
1412 3467 1699 3530 monitus
1745 3486 1876 3530 non
1926 3467 2252 3533 curaverit
2295 3468 2597 3534 effectum
2643 3489 2830 3533 man·

446 3555 688 3640 cipare,
735 3554 804 3616 in
849 3552 1075 3617 decem
1100 3549 1367 3617 talentis
1391 3550 1808 3617 denariorum
1851 3552 2062 3635 nobis,
2109 3561 2174 3619 et
2209 3555 2421 3640 judici
2467 3563 2532 3620 et
2577 3555 2831 3621 civitati

447 3642 516 3705 in
565 3642 857 3727 quinque
902 3660 1019 3725 pro
1067 3640 1426 3704 monitione
1470 3638 1769 3727 qualibet
1810 3642 2139 3729 puniatur.
2213 3641 2346 3708 Sed
2391 3642 2446 3708 si
2489 3649 2640 3728 post
2685 3650 2824 3708 ter-

448 3729 609 3792 tiam
671 3725 1101 3791 monitionem
1162 3727 1471 3812 pertinax
1526 3727 1838 3792 inventus
1901 3729 2116 3810 fuerit,
2177 3730 2368 3794 nobis
2413 3730 2500 3795 sit
2543 3751 2827 3815 persona

450 3813 871 3900 adjudicatus
916 3821 981 3878 et
1028 3812 1332 3878 omnibus
1374 3813 1572 3878 rebus
1617 3814 1776 3879 suis.
2635 3816 2640 3820 ’

619 3901 682 3963 4.
727 3898 1075 3965 Praeterea
1136 3922 1285 3965 cum
1345 3901 1520 3985 regis
1586 3901 1685 3976 sit,
1735 3922 1960 3966 omnes
2007 3899 2429 3966 difficultates
2475 3922 2826 3967 causarum

447 3984 799 4067 resolvere,
860 3988 916 4050 si
974 3986 1295 4074 praedicti
1354 4008 1473 4052 sex
1534 3995 1598 4052 et
1649 3987 1858 4073 jurati
1917 3986 2034 4052 alii
2078 3988 2362 4054 civitatis
2407 3989 2480 4052 in
2523 3987 2825 4054 determi-

450 4071 691 4137 nandis
736 4080 801 4136 et
844 4072 1320 4137 sententiandis
1366 4073 1861 4159 quaestionibus
1909 4074 2320 4157 dissentient,
2365 4084 2438 4140 et·
2475 4076 2548 4138 in
2569 4074 2818 4140 eisdem

448 4180 582 4224 non
630 4159 913 4245 poterint
956 4157 1062 4224 vel
1110 4157 1441 4223 noluerint
1486 4161 1854 4226 sententiae
1899 4161 2396 4237 consonantiam
2433 4163 2832 4229 convenire:

449 4245 537 4317 ad
580 4267 721 4330 nos,
765 4244 923 4332 quid
968 4265 1402 4332 unaquaeque
1446 4268 1601 4333 pars
1647 4249 2019 4332 sententiat,
2080 4247 2423 4332 deferetur,
2493 4257 2559 4326 et
2597 4250 2826 4335 cujus
