3150 5017
1280 343 1764 410 -21‘1—

325 517 499 582 miae
544 524 613 582 et
653 517 1139 583 marchionatus
1183 518 1537 601 Moraviae,
1583 517 1671 582 ad
1713 537 1940 604 preces
1985 524 2050 583 et
2093 523 2362 604 propter
2419 519 2708 602 servitia,

324 604 689 669 amicorum
750 625 1063 686 meorum,
1110 603 1525 671 dominorum
1585 603 1828 672 Sdislai
1891 605 2127 668 summi
2192 606 2534 670 camerarii
2579 605 2710 671 Bo-

324 689 617 766 hemiae,
682 689 1076 778 burggravii
1148 691 1217 755 in
1279 691 1597 777 Burglino
1615 741 1634 774 ,
1695 689 2064 758 Burchardi
2135 690 2215 756 de
2285 689 2711 778 Winterberg

329 777 623 862 magistri
668 780 893 843 curiae
935 780 1179 864 regiae,
1224 778 1467 844 Sdislai
1512 778 1896 864 burggravii
1963 777 2336 862 hagensis,
2397 779 2714 844 Zesemae

327 862 413 928 de
462 862 791 929 'Krasovv
864 863 1145 951 dapiferi
1212 864 1372 930 dicti
1449 865 1698 930 domini
1757 863 2173 944 wenceslai,
2248 865 2550 930 Benessii
2627 863 2712 930 de

328 947 799 1037 Wartenberg-
842 953 1197 1037 pincernae
1254 951 1551 1038 ejusdem
1627 961 1692 1017 et
1764 951 1806 1016 J
1809 950 2048 1016 aroslai
2117 950 2200 1016 de
2261 951 2710 1037 Levvenberg‚

330 1037 489 1102 fecit
534 1037 691 1100 mihi
742 1075 840 1120 —-,
888 1046 1019 1103 tam
1082 1059 1201 1126 pro
1262 1061 1399 1121 me,
1508 1061 1658 1103 uam
1720 1035 2075 1103 heredibus
2135 1042 2298 1103 meis
2375 1037 2584 1102 libera
2649 1044 2714 1102 et

328 1131 699 1208 spontanea
762 1123 1105 1192 'voluntate
1170 1123 1385 1190 eidem
1452 1061 1720 1190 ‹ll-omino
1787 1123 2187 1190 Wenceslao
2252 1133 2317 1190 et
2360 1123 2712 1189 heredibus

330 1210 469 1274 suis
514 1208 596 1274 de
641 1209 805 1274 villa
846 1210 1289 1276 Tuchlovvicz
1350 1220 1415 1276 et
1476 1211 1735 1278 duabus
1792 1210 1974 1276 villis
2031 1209 2332 1298 Hoynicz
2391 1220 2458 1276 et
2513 1209 2710 1275 Zerbi

330 1317 481 1360 cum
526 1295 833 1362 omnibus
883 1296 1151 1383 juribus
1210 1308 1277 1364 et
1333 1300 1700 1364 attinentiis
1763 1296 2141 1379 earundem,
2203 1305 2268 1364 et
2310 1299 2712 1364 renuncians

333 1391 569 1468 sponte
614 1403 693 1448 ac
736 1382 942 1449 libere
986 1392 1121 1448 tam
1165 1406 1282 1471 pro
1328 1406 1432 1451 me
1478 1406 1675 1472 quam
1733 1383 2220 1449 successoribus
2280 1385 2442 1449 meis
2491 1391 2556 1450 et
2598 1383 2711 1448 he-

332 1466 622 1550 redibus,
668 1471 847 1534 omni
896 1471 1019 1534 ‘uri
1065 1478 1131 1535 et
1171 1471 1433 1552 actioni,
1526 1470 1658 1536 uod
1706 1470 1810 1536 vel
1891 1492 2042 1536 uam
2088 1491 2229 1556 ege,
2274 1479 2478 1557 pater,
2525 1491 2711 1551 avus,

331 1564 571 1620 atavus
628 1565 824 1642 atque
928 1557 1157 1622 eredes
1217 1559 1345 1622 mei
1404 1557 1489 1622 ha
1537 1579 1721 1622 emus
1781 1579 1862 1622 ve
1952 1555 2196 1622 habere
2261 1578 2597 1643 possemus
2640 1557 2711 1621 in

333 1641 769 1718 dictisffi-lhs.
792 1642 1221 1726 -Tuehlovicz‚
1266 1643 1571 1728 Hoynicz
1615 1653 1680 1709 et
1715 1643 1934 1726 Zerhi,
1979 1664 2104 1710 nec
2147 1663 2282 1708 non
2323 1652 2392 1710 et
2433 1643 2503 1708 in
2550 1643 2712 1708 civi-

334 1735 471 1793 tate
519 1727 774 1794 Gechin
820 1751 899 1794 ac
945 1732 1233 1817 ipsarum
1282 1731 1646 1798 attinentiis
1693 1729 1940 1816 dejure
1986 1729 2094 1795 vel
2141 1729 2222 1794 de
2269 1730 2443 1795 facto
2491 1729 2714 1816 aliqua

332 1815 591 1880 ratione
626 1837 740 1880 seu
774 1837 1073 1882 causa—
1095 1817 1415 1883 transfero
1448 1840 1533 1883 ex
1555 1818 1822 1883 nuncin
1847 1815 2129 1882 eundem
2154 1815 2490 1881 dominum
2511 1817 2713 1882 Wen·

331 1900 623 1968 ceslaum
671 1910 735 1966 et
776 1901 1054 1970 heredes
1098 1905 1243 1990 ejus
1284 1913 1421 1970 tam
1466 1926 1585 1990 pro
1631 1925 1736 1968 me
1759 1924 1955 1989 quam
2033 1924 2104 1968 ro
2150 1901 2504 1968 heredibus
2547 1904 2712 1967 meis

333 2009 534 2054 omne⁴
562 1989 683 2074 jus
744 1997 833 2054 et·
868 2010 1127 2056 omnem
1188 1998 1600 2078 potestatem,
1662 1989 1838 2076 quod
1899 2010 1982 2055 ve
2067 2008 2264 2079 quam
2327 1989 2540 2054 habeo
2601 1988 2712 2053 vel

252 2125 258 2133 κ
329 2073 577 2139 habere
618 2095 885 2162 possum
931 2078 1001 2140 in
1046 2076 1239 2142 dictis
1296 2077 1475 2143 villis
1520 2084 1586 2142 et
1631 2077 1895 2142 civitate
1956 2082 2020 2141 et
2063 2076 2427 2141 attinentiis
2470 2095 2710 2140 earun-

330 2159 501 2226 dem.
546 2161 831 2248 Insuper
875 2163 1045 2228 dabo
1090 2164 1302 2230 eidem
1348 2164 1613 2230 domino
1674 2185 1818 2228 meo
1861 2161 2254 2229 Wenceslao
2301 2163 2713 2248 octingentas

330 2245 632 2313 marchas
677 2251 928 2335 argenti
974 2251 1044 2316 in
1088 2251 1222 2316 illis
1266 2253 1562 2318 terminis
1631 2259 1697 2316 et
1760 2249 1934 2316 infra
1978 2248 2144 2314 illud
2189 2249 2503 2334 temporis
2567 2269 2712 2334 spa·

332 2335 520 2416 tium,
614 2336 680 2398 ui
726 2335 833 2401 vel
879 2337 1055 2423 quod
1100 2344 1253 2402 sunt
1297 2340 1364 2402 in
1409 2336 1774 2404 rationibus
1820 2336 2154 2421 regalibus
2199 2337 2516 2402 annotati.

504 2421 567 2486 A
657 2421 822 2487 haec
882 2423 1361 2509 praedictorum
1426 2424 1746 2490 bonorum
1809 2422 2074 2488 datione
2129 2419 2290 2486 mihi
2351 2445 2390 2487 a
2450 2421 2711 2486 domino

326 2507 669 2594 praedicto
730 2509 937 2592 facta,
1000 2509 1221 2597 obligo
1283 2533 1387 2576 me
1462 2520 1527 2575 et
1586 2510 1861 2575 heredes
1922 2529 2102 2574 meos
2165 2509 2378 2574 eidem
2437 2507 2708 2573 domino

326 2615 477 2660 meo
522 2593 913 2660 Wenc'eslao
972 2605 1039 2662 et
1097 2595 1449 2662 heredibus
1510 2599 1654 2684 ejus
1713 2596 1890 2660 omni
1951 2602 2246 2684 tempore
2305 2593 2590 2660 fideliter
2633 2614 2714 2658 ac

328 2680 569 2746 devote
592 2684 881 2765 servire,
942 2683 1127 2749 velut
1169 2683 1335 2750 alter
1378 2685 1710 2769 terrigena
1753 2704 1931 2759 suus,
1989 2691 2056 2747 et
2099 2704 2236 2748 nun
2285 2703 2438 2747 uam
2485 2688 2714 2746 contra

324 2788 482 2834 eum
526 2766 653 2833 vel·
678 2770 825 2853 ejus
866 2769 1141 2836 heredes
1187 2769 1436 2858 aliquid
1494 2770 1714 2834 facere
1759 2769 1866 2834 vel
1912 2776 2185 2835 tentare.
2241 2703 2500 2850 Quodsi
2544 2769 2714 2832 forte

326 2875 453 2940 ego
482 2854 589 2920 vel
610 2853 891 2921 heredes
909 2858 1039 2923 mei
1070 2856 1244 2923 dicto
1270 2857 1534 2922 domino
1559 2877 1704 2921 meo
1743 2855 2138 2922 Wenceslao
2159 2855 2269 2920 vel
2291 2857 2436 2941 ejus
2459 2853 2711 2918 heredi-

326 2940 455 3008 bus
498 2939 783 3007 fideliter
824 2951 895 3008 et
936 2943 1171 3009 devote
1214 2965 1349 3009 non
1373 2943 1858 3025 serviverimus,
1890 2942 1996 3008 vel
2013 2950 2242 3008 contra
2263 2963 2416 3006 eum
2438 2940 2544 3006 vel
2569 2940 2716 3024 ejus

326 3027 606 3093 heredes
627 3027 845 3095 facere
870 3027 1229 3116 quidquam
1254 3032 1727 3096 tentaverimus
1773 3039 1838 3096 et
1884 3029 1966 3094 de
2009 3029 2136 3093 hoc
2179 3027 2520 3114 injudicio
2563 3047 2714 3090 con·

326 3114 491 3178 victi
535 3113 885 3180 fuerimus:
930 3116 1237 3181 volumus
1282 3139 1369 3182 ex
1410 3125 1571 3182 tunc
1617 3127 1682 3181 et
1706 3115 2022 3181 debemus
2043 3115 2292 3202 perjuri
2340 3123 2404 3178 et
2449 3112 2715 3198 exleges

326 3201 415 3265 ab
464 3200 767 3266 omnibus
811 3205 1106 3288 reputari
1152 3213 1215 3268 et
1259 3205 1401 3290 ipso
1448 3203 1620 3268 facto
1681 3201 1872 3267 dictis
1918 3203 2167 3275 eastris,
2229 3199 2607 3265 civitatibus
2653 3208 2718 3264 et

328 3286 527 3366 villis:
570 3287 656 3352 ad
714 3290 863 3374 ipsa
968 3290 1401 3355 ertinentibus
1476 3297 1542 3356 et
1615 3289 1776 3354 villa
1833 3288 2187 3354 Weczovic
2248 3295 2316 3352 et
2371 3286 2552 3352 villis
2627 3284 2714 3350 ad

324 3376 561 3460 ipsam«
592 3311 1046 3460 spectantibus
1090 3375 1451 3463 abiudicati
1497 3397 1642 3442 esse
1663 3375 1990 3455 volumus,
2031 3383 2165 3440 tam
2193 3395 2314 3460 ego
2354 3395 2550 3460 quam
2597 3372 2714 3437 he-

331 3460 532 3526 redes
578 3468 643 3525 et
686 3482 1100 3528 successoros
1149 3464 1298 3544 mei,
1347 3474 1409 3529 et
1456 3463 1631 3550 quod
1677 3462 1853 3526 dicta
1876 3469 2111 3542 castra,
2159 3459 2372 3526 dictae
2417 3460 2718 3524 civitates

328 3556 395 3614 et
456 3546 657 3612 villae
717 3569 943 3614 omnes
1017 3549 1103 3614 ad
1162 3571 1397 3615 manus
1456 3550 1677 3615 curiae
1737 3549 1956 3633 regiae
2015 3546 2222 3612 libere
2281 3553 2715 3612 revertantur.

506 3633 697 3698 Dans
740 3653 825 3699 ex
870 3656 1049 3700 nunc
1092 3635 1266 3702 dicto
1314 3637 1579 3702 domino
1623 3657 1769 3700 meo
1814 3633 2212 3700 Wenceslao
2254 3643 2321 3699 et
2362 3630 2717 3698 heredibus

332 3721 475 3786 suis
516 3741 641 3806 pro
686 3743 793 3788 me
837 3729 905 3787 et
946 3721 1206 3788 heredis
1248 3725 1414 3790 meis
1456 3724 1722 3810 plenam
1767 3729 1832 3787 et
1873 3721 2150 3786 liberam
2193 3719 2578 3785 facultatem
2623 3718 2717 3782 in-

334 3806 745 3872 tromittendi
792 3829 861 3873 se
906 3819 974 3872 et
1013 3808 1290 3875 heredes
1350 3832 1501 3876 suos
1564 3808 1646 3875 de
1692 3809 1942 3883 castris,
2005 3807 2384 3872 civitatibus
2429 3815 2496 3872 et
2539 3803 2718 3869 villis

335 3893 650 3981 praefatis
694 3903 761 3959 et
806 3892 1113 3960 omnibus
1159 3897 1643 3982 pertinentibus
1675 3895 1762 3960 ad
1800 3895 2050 3976 eadem,
2095 3895 2404 3980 promitto
2449 3913 2566 3979 pro
2613 3911 2720 3957 me

336 3987 403 4046 et
447 3978 805 4046 heredibus·
844 3982 1009 4046 meis
1054 3984 1375 4049 veraciter
1420 3984 1562 4048 sine
1608 3983 1758 4048 dolo
1807 3990 1872 4046 et
1915 3983 2094 4046 omni
2141 3980 2446 4067 captione
2491 3985 2720 4044 contra

334 4065 543 4132 dictas
588 4065 1061 4152 obligationem
1124 4077 1189 4134 et
1235 4071 1600 4135 cessionem
1647 4069 2132 4156 praedictorum
2180 4066 2502 4132 bonorum
2531 4087 2719 4130 nun-

328 4175 529 4238 quam
574 4156 821 4235 venire,
870 4155 986 4220 sed
1032 4174 1289 4242 semper
1330 4165 1539 4220 ratam
1602 4167 1668 4220 et
1709 4156 1964 4219 firmam
2025 4163 2272 4236 tenere,
2332 4153 2719 4218 renuntians

334 4240 512 4304 omni
558 4243 935 4326 exceptioni
982 4250 1047 4306 et
1091 4243 1269 4306 omni
1314 4245 1488 4330 juris
1526 4241 1794 4324 auxilio,
1841 4241 2016 4328 quod
2065 4240 2167 4306 vel
2213 4262 2407 4328 quam
2457 4259 2716 4326 possem

343 4345 676 4412 opponere
724 4327 806 4393 de
841 4328 1279 4414 jure··vel==de
1323 4327 1521 4414 facto,
1566 4328 1856 4416 et2quod
1899 4326 2059 4393 mihi
2103 4335 2328 4415 posset
2371 4326 2542 4392 ferre
2588 4323 2718 4390 suf-
