3150 5017
1175 324 1650 403 -213-

241 510 437 599 potius
494 511 789 597 ejusdem
855 518 1071 576 terrae
1131 519 1394 575 nostrae
1501 507 2009 575 uemadmodum
2070 516 2286 575 terrae
2333 509 2590 581 suimet,

242 618 345 687 pro
385 598 634 663 viribus
676 596 893 663 fidelis
938 596 1137 663 debet
1180 618 1325 663 esse
1368 532 1790 683 gubernator.

390 685 453 749 2.
498 684 587 749 Et
635 684 711 767 si,
756 683 936 771 quod
955 683 1149 767 absit,
1240 685 1523 771 uispiam
1570 684 1640 748 in
1685 692 1910 749 nostro
1959 686 2255 753 residens
2279 682 2592 763 dominio,

245 782 461 837 terram
505 772 715 859 ipsius
759 770 1052 837 affecerit
1096 792 1215 857 spo
1244 772 1324 836 iis
1350 793 1467 837 seu
1488 792 1563 835 ra
1610 771 1738 835 inis
1762 769 2191 839 clandestinis
2214 769 2322 837 vel
2347 771 2594 855 apertis

240 858 775 1010 quandocunque
808 879 928 960 per
992 860 1259 925 nuntios
1329 857 1486 922 dicti
1601 856 1744 922 ucis
1810 860 2208 925 ammonitae
2253 857 2595 938 fuerimus,

279 966 311 1009 e
349 945 508 1031 ipsis
552 943 868 1010 maleficis
912 944 1277 1009 secundum
1322 953 1536 1010 terrae
1579 950 1844 1009 nostrae
1869 944 2415 1012 consuetudinem
2448 941 2512 1007 h.
2539 964 2593 1008 e.

240 1039 370 1119 post
408 1040 637 1097 ternae
682 1031 1011 1096 citationis
1055 1030 1368 1114 edictum,
1412 1028 1758 1117 quodlibet
1818 1032 2162 1098 continens
2223 1031 2390 1098 duas
2452 1051 2592 1117 sep·

238 1120 520 1200 timanas‚
565 1117 883 1183 faciemus
919 1118 1217 1202 justitiae
1264 1117 1838 1204 complementum.
2021 1122 2025 1129 '

390 1206 451 1271 3.
495 1204 569 1269 Si
615 1213 835 1270 autem
895 1205 948 1267 is
1010 1206 1122 1290 qui
1184 1212 1551 1269 accusatus·
1576 1203 1794 1284 fuerit,
1829 1206 1968 1290 juri
2013 1227 2245 1293 parere
2290 1205 2592 1280 noluerit,

236 1294 361 1377 ipso
402 1293 793 1379 proscripto,
853 1290 1404 1378 quemadmodum
1465 1291 1609 1376 ipsc
1671 1288 1806 1356 dux
1866 1312 2012 1357 eum
2060 1314 2250 1379 perse
2299 1290 2590 1357 nendum·

237 1378 529 1460 decrevit,
576 1398 1081 1464 persequamur;
1128 1386 1194 1445 et
1238 1379 1295 1442 si
1340 1376 1814 1441 munitionibus
1877 1380 2159 1466 propriis
2203 1400 2287 1443 ve
2358 1377 2592 1442 alienis

236 1487 294 1529 se
331 1464 690 1541 incluserit,
725 1464 863 1551 juri
908 1484 1141 1566 parere
1188 1462 1696 1549 subterfugiens,
1742 1471 1879 1529 tam
1924 1464 2067 1552 ipse
2113 1464 2252 1530 dux
2297 1466 2432 1529 suis
2476 1462 2589 1527 ho·

236 1550 522 1631 minibus,
584 1572 783 1637 quam
851 1560 1046 1616 etiam
1108 1573 1229 1616 nos
1289 1552 1531 1616 nostris
1589 1549 1968 1617 hominibus
2012 1552 2226 1639 ipsum
2273 1549 2590 1617 debemus

234 1637 541 1703 hostiliter
580 1639 991 1725 impugnare.

382 1724 444 1789 4.
488 1724 775 1811 Insuper
835 1722 915 1787 de
962 1768 1289 1789 ......
1336 1722 1750 1810 saepedictus
1795 1732 2131 1812 compater
2173 1734 2398 1791 noster
2440 1745 2473 1788 s
2523 1743 2588 1789 c-

235 1810 465 1897 pondit,
530 1808 711 1897 quod
772 1818 1003 1897 quarto
1064 1810 1171 1875 die
1228 1817 1377 1898 post
1434 1812 1877 1913 receptionem
1945 1811 2388 1899 praesentium
2449 1830 2494 1873 u
2542 1806 2593 1873 i-

234 1918 493 1985 cumque
542 1919 693 1962 cum
739 1907 962 1963 nostro
1008 1896 1383 1963 condixerit
1424 1905 1675 1973 nuntio,
1719 1897 1910 1963 nobis
1957 1899 2135 1963 circa
2197 1907 2405 1964 metas
2464 1903 2592 1961 ter-

234 2005 331 2049 rae
372 1986 719 2070 utriusque
762 1991 1055 2060 nostrum
1120 1982 1321 2048 faciet
1368 1983 1674 2069 justitiae
1739 1983 2314 2072 complementum,
2361 2003 2592 2048 secun-

237 2070 372 2135 dum
418 2068 601 2159 quod
646 2070 981 2155 principes
1026 2068 1113 2135 ab
1156 2077 1425 2135 aeterno
1470 2089 1735 2135 servare
1781 2079 2285 2137 consueverunt.

389 2162 446 2225 5.
492 2157 746 2224 Omnes
791 2164 1011 2221 autem
1058 2176 1318 2239 causae,
1380 2176 1549 2243 quae
1617 2176 1949 2242 emergere
1993 2155 2396 2222 videbantur
2439 2160 2592 2219 ante

232 2242 452 2309 festum
498 2242 856 2331 paschatis,
913 2243 1294 2330 priusquam
1342 2251 1616 2328 treugae
1659 2262 1781 2329 per
1825 2242 2162 2309 dominum
2212 2242 2299 2308 H.
2346 2240 2592 2307 Wrati-

237 2328 621 2397 slaviensem
666 2331 925 2410 ducem,
970 2338 1378 2416 ponerentur
1418 2331 1594 2393 inter
1636 2350 1758 2393 nos
1781 2336 1849 2395 et
1870 2338 2270 2433 compatrem
2294 2336 2594 2394 nostrum

228 2418 471 2503 saepius
531 2418 964 2498 nominatum,
1010 2415 1337 2481 mediante
1382 2416 1527 2501 ipso
1572 2414 1743 2481 duee
1787 2414 2376 2504 Wr(at1slaviensi)
2421 2416 2596 2479 inter

226 2523 337 2568 nos
376 2512 441 2569 et
478 2506 701 2591 ipsum
750 2502 1187 2569 amicabiliter
1229 2501 1654 2585 decidantur3
1716 2524 1868 2567 nam
1929 2504 2140 2593 ipsius
2206 2502 2477 2569 arbitrio
2519 2500 2591 2565 in

226 2592 591 2675 praemissis
634 2612 721 2655 ex
764 2599 911 2655 utra
957 2611 1040 2656 ue
1132 2597 1272 2655 arte
1317 2611 1438 2655 nos
1482 2587 1895 2654 decrevimus
1939 2588 2460 2656 committendos.

385 2680 445 2744 6.
492 2676 807 2743 Ceterum
866 2697 907 2741 a
1012 2698 1086 2742 ro
1137 2697 1217 2740 ur
1275 2674 1615 2763 amplioris
1660 2675 1992 2741 firmitatis
2036 2684 2266 2741 mutuo
2310 2694 2592 2763 spopon-

227 2762 427 2829 dimus
471 2764 655 2829 bona
695 2764 845 2843 fide,
910 2762 1118 2865 quod'
1149 2762 1373 2827 nullus
1436 2760 1717 2827 militum
1789 2770 2162 2829 nostrorum
2221 2781 2346 2827 nec
2391 2762 2593 2826 etiam

232 2848 403 2915 ducis
436 2852 584 2937 jam
632 2850 971 2937 praetacti,
1018 2857 1303 2913 castrum
1350 2868 1597 2914 novum
1645 2870 1731 2913 ex
1777 2870 1954 2914 nunc
1998 2856 2380 2915 construere
2439 2865 2589 2933 per-5

226 2938 525 3020 mittetur,
596 2946 671 3001 ut
740 2938 835 3001 sic
903 2936 1229 3001 latronum
1298 2934 1555 2999 insidiis
1625 2956 1703 3001 eo
1770 2935 2006 3001 melius
2073 2933 2408 3017 obvietur3
2471 2953 2595 2997 nos

230 3032 437 3089 autem
496 3024 555 3089 si
618 3022 959 3109 placuerit,
1022 3025 1091 3087 in
1152 3020 1445 3087 dominio
1506 3030 1734 3089 nostro
1794 3019 1912 3086 ubi
1958 3020 2402 3101 voluerimus‚.
2440 3038 2590 3084 con-

226 3118 563 3190 struemus,
624 3107 741 3174 sed
800 3109 919 3175 illa
976 3109 1219 3174 nostris
1281 3106 1601 3177 militibus
1663 3104 1980 3173 debemus
2025 3109 2431 3173 committere
2475 3126 2590 3191 gu·

230 3194 573 3263 bei-nanda.
633 3197 723 3261 Et
766 3195 835 3261 id
878 3198 901 3261 i
951 3216 1093 3261 sum
1116 3194 1254 3261 dux
1272 3196 1533 3281 saepius
1575 3192 1930 3259 adnotatus
1976 3194 2059 3260 de
2103 3194 2335 3259 castris
2381 3192 2594 3273 novis,

226 3283 271 3347 si
318 3305 485 3373 quae
530 3281 842 3351 facienda
930 3283 1269 3363 ecreverit‚
1314 3301 1462 3348 cum
1508 3282 1648 3346 suis
1693 3280 2001 3345 omnibus
2023 3281 2177 3346 filiis
2199 3281 2372 3346 sicut
2392 3278 2591 3345 etiam

224 3379 282 3434 et
322 3371 631 3437 universa
672 3378 989 3435 annotata
1029 3368 1426 3435 observabit.
1705 3440 1708 3443 ,

390 3460 451 3523 7.
498 3458 789 3523 Demum
850 3465 1084 3522 neuter
1141 3476 1229 3521 ex
1286 3454 1478 3521 nobis
1523 3455 1964 3540 proscriptum
2012 3452 2282 3521 alterius
2325 3454 2394 3519 in
2441 3473 2593 3519 con-

226 3550 531 3630 temptu-m
598 3545 719 3623 sui,
783 3550 1129 3630 postquam
1176 3540 1583 3607 sufficienter
1629 3540 2003 3607 intimatum
2063 3538 2284 3622 fuerit,
2344 3540 2413 3605 in
2470 3559 2591 3605 suo

228 3632 457 3697 morari
502 3630 795 3696 dominio
837 3630 1193 3716 permittat.

397 3718 489 3783 Et
535 3725 609 3782 ut
650 3716 819 3785 haec
854 3717 1077 3782 omnia
1120 3713 1502 3800 praehabita
1546 3712 1974 3801 perhenniter
2015 3721 2328 3781 maneant
2372 3714 2596 3779 incon-

225 3800 420 3886 vulsa,
464 3812 877 3892 praesentem
920 3822 1059 3869 ecc.
