3150 5017
1535 384 1621 397 -
1716 348 2010 412 180—-

580 542 701 586 sua
743 521 1075 602 societate,
1121 518 1566 585 familiaritate
1611 527 1680 583 et
1724 519 2017 583 amicitia
2067 517 2484 598 omnimodis,
2531 538 2662 581 non
2697 516 2922 581 obstan-

580 608 758 671 tibus
802 606 1008 673 literis
1053 606 1385 671 concessis
1429 605 1644 671 eidem
1691 614 1756 670 et
1797 602 2356 692 promissionibus
2399 603 2523 667 sibi
2568 603 2777 684 factis,
2815 604 2924 665 imo

584 694 849 778 penitus
908 693 1283 773 removerit,
1344 698 1413 757 et
1472 692 1744 756 omnino
1805 698 1872 756 et
1937 688 2311 776 specialiter
2355 690 2782 775 assumpserit
2818 709 2927 751 non

584 787 923 865 receptare
970 776 1078 842 vel
1125 778 1347 843 fovere
1366 776 1650 843 eundem
1697 778 1765 842 in
1813 777 1950 841 suis
1995 785 2062 842 et
2104 776 2460 840 amicorum
2505 796 2769 841 suorum
2809 774 2925 837 fini-

585 864 711 931 bus
773 866 915 931 sive
975 866 1187 944 terris,
1257 865 1646 950 promittens
1705 885 1854 929 eum
1924 861 2275 927 excludere
2319 870 2386 925 et
2429 860 2698 927 excludi
2741 860 2925 925 facere

585 949 668 1016 de
712 950 980 1015 eisdem.

753 1035 1061 1099 Exclusit
1119 1036 1317 1099 etiam
1376 1055 1499 1099 rex
1538 1034 1874 1119 Ungariae
1921 1032 2335 1118 supradictus
2381 1031 2805 1098 Wilhelmum
2863 1030 2925 1093 de

584 1119 1105 1187 Scharfenbereh
1151 1128 1216 1185 et
1258 1119 1608 1185 Nicolaum
1663 1120 1746 1185 de
1771 1118 2201 1202 Leumberch‚
2245 1126 2562 1183 terrarum
2589 1126 2925 1181 nostrarum

627 1207 911 1291 refugos,
956 1228 997 1270 a
1041 1226 1158 1271 suo
1204 1207 1491 1286 serviti0,
1537 1206 1764 1291 gratia
1809 1213 1874 1271 et
1919 1205 2167 1286 favore,
2213 1206 2600 1291 promittens
2647 1206 2715 1269 in
2739 1202 2926 1268 defen-

580 1230 813 1357 dendis
860 1300 925 1358 et
968 1290 1340 1358 detinendis
1386 1294 1616 1358 castris
1659 1292 1954 1378 ipsorum
2000 1311 2112 1357 eos
2155 1297 2386 1355 contra
2411 1311 2533 1355 nos
2579 1299 2644 1355 et
2691 1297 2921 1355 nostros

584 1378 883 1445 homines
926 1400 1062 1444 non
1100 1378 1355 1465 juvare.

1728 1550 1814 1613 X.

755 1720 1037 1805 Insuper
1079 1720 1164 1786 D.
1211 1719 1585 1805 Stephanus
1628 1741 1749 1787 rex
1795 1718 2131 1805 Ungariae
2154 1719 2563 1785 renuntiavit
2607 1719 2788 1787 omni
2817 1718 2928 1803 juri

585 1814 651 1873 et
694 1807 955 1888 actioni,
1002 1805 1179 1893 quod
1223 1814 1288 1873 et
1332 1828 1499 1891 quae
1544 1805 1670 1871 sibi
1714 1806 2112 1872 videbantur
2171 1814 2542 1890 competere
2604 1828 2724 1871 seu
2766 1806 2928 1869 etiam

585 1891 1046 1978 competebant
1089 1894 1159 1958 in
1203 1890 1551 1958 ducatibus
1595 1893 1880 1978 styriae,
1926 1892 2319 1958 Karinthiae
2364 1899 2430 1956 et
2475 1890 2780 1956 dominiis
2801 1890 2927 1955 Car·

585 1978 821 2060 niolae,
882 1978 1235 2059 Marchiae,
1306 1977 1562 2044 nullam
1608 1978 1689 2044 de
1737 1987 1955 2043 cetero
2001 1999 2121 2043 suo
2168 1977 2276 2043 vel
2319 1977 2632 2044 heredum
2698 1997 2928 2043 suorum

586 2066 851 2129 nomine
896 2072 1125 2129 contra
1168 2086 1291 2129 nos
1337 2071 1403 2129 et
1444 2062 1720 2131 heredes
1766 2078 2024 2129 nostros
2069 2085 2267 2152 super
2309 2062 2442 2128 illis
2487 2071 2784 2128 moturus
2823 2083 2929 2125 ma-

589 2151 817 2216 teriam
868 2152 1303 2236 quaestionis.

757 2236 1189 2301 Renuntiavit
1265 2236 1460 2300 etiam
1517 2257 1638 2299 rex
1707 2234 2083 2321 Stephanus
2147 2234 2484 2319 Ungariae
2551 2234 2929 2317 saepedictus

577 2321 714 2407 juri
761 2330 826 2385 et
869 2322 1114 2385 actioni
1158 2319 1285 2385 sibi
1344 2330 1409 2386 et
1469 2322 1604 2385 suis
1664 2320 2016 2386 heredibus
2081 2320 2606 2407 competentibus
2668 2320 2749 2384 de
2804 2318 2927 2382 insi-

583 2408 759 2491 gniis
804 2406 1157 2491 regalibus,
1205 2427 1445 2471 corona
1469 2406 1800 2488 videlicet,
1844 2406 2086 2491 gladio,
2133 2408 2384 2488 monili,
2431 2405 2616 2488 sella,
2663 2404 2922 2471 scutellis

584 2501 649 2557 et
706 2490 854 2556 aliis
915 2491 1235 2557 clenodiis
1280 2513 1358 2557 ac
1418 2492 1744 2570 thesauro,
1791 2492 2029 2558 delatis
2076 2514 2193 2580 per
2237 2494 2323 2557 D.
2369 2494 2636 2557 Annam
2695 2510 2922 2557 socrum

584 2586 896 2661 nostram,
942 2580 1012 2643 in
1058 2600 1331 2663 regnum
1380 2578 1763 2645 Bohemiae.

1703 2749 1829 2816 XI.

755 2922 923 2987 Item
979 2922 1355 3008 praedictae
1416 2920 1814 2988 ordinationi
1872 2931 1938 2987 et
2001 2923 2146 3008 paci
2209 2921 2460 2987 includi
2523 2921 2822 2987 volumus
2876 2925 2928 2983 et

586 3005 985 3072 includimus
1044 3006 1450 3073 excellentes
1507 3006 1832 3073 dominos
1892 3016 1957 3071 et
2004 3008 2294 3073 illustres
2338 3029 2557 3093 regem
2606 3006 2930 3094 Hispaniae

588 3114 807 3179 regem
858 3085 1161 3178 An'gliae‚
1204 3094 1291 3163 D.
1336 3090 1741 3159 Richardum
1785 3094 2052 3159 fratrem
2100 3096 2276 3179 regis
2320 3094 2622 3179 Angliae‚
2683 3094 2925 3161 electum

584 3180 1029 3245 Romanorum
1055 3181 1125 3244 in
1168 3185 1647 3264 imperatorem,
1693 3201 1840 3243 cum
1887 3180 2040 3245 filiis
2086 3179 2480 3259 eorundem3
2527 3178 2924 3253 venerabiles,

585 3274 813 3352 patres
859 3265 1159 3331 dominos
1204 3265 1772 3352 archiepiscopum
1817 3266 2280 3351 Maguntinum
2324 3288 2470 3331 cum
2534 3268 2670 3331 suis
2733 3265 2924 3330 suffra-

586 3352 831 3436 ganeis,
882 3350 1285 3438 archiepisco
1336 3375 1445 3416 um
1491 3350 2128 3437 Magdeburgensem
2175 3374 2322 3417 cum
2348 3352 2484 3420 suis
2509 3349 2923 3435 suffraganeiS,

586 3435 1146 3524 archiepiscopum
1193 3440 1282 3502 Sa
1309 3439 1780 3522 zeburgensem
1828 3460 1977 3503 cum
2024 3440 2160 3502 suis
2205 3439 2656 3523 suffraganeis,
2701 3438 2779 3503 D.
2820 3436 2920 3499 Lu-

587 3520 891 3587 dovicum
938 3525 1240 3589 comitem
1285 3523 1649 3608 palatinum
1693 3524 1928 3605 Rheni,
1973 3523 2058 3588 D.
2104 3524 2465 3588 Henricum
2511 3524 2917 3589 marchionem

584 3608 1009 3689 Misnensem,
1069 3609 1156 3673 D.
1226 3608 1457 3674 ducem
1518 3609 1852 3675 Saxoniae
1913 3630 2059 3673 cum
2122 3610 2433 3675 fratribus
2494 3618 2561 3675 et
2604 3611 2754 3675 filiis
2797 3607 2918 3681 suis,

586 3694 821 3761 ducem
865 3694 1417 3771 Brunsvicensem
1465 3704 1526 3761 et
1572 3695 1842 3762 fratrem
1888 3717 2100 3777 suum,
2145 3696 2232 3759 D.
2281 3694 2512 3761 ducem
2539 3695 2916 3769 Brabantiae,

584 3780 671 3845 D.
716 3780 953 3845 ducem
1000 3779 1081 3845 de
1124 3779 1520 3867 Lympurch,
1567 3782 1651 3845 D.
1699 3780 2045 3846 Albertum
2091 3781 2554 3867 landgravium
2580 3782 2915 3865 Turingiae‚

584 3866 671 3932 D.
715 3866 1191 3933 Theodericum
1238 3866 1680 3934 marchionem
1728 3867 1809 3931 de
1854 3866 2239 3953 Lantsberg,
2285 3868 2370 3933 D.
2429 3868 2738 3936 Ottonem
2781 3885 2914 3929 mar·

586 3949 885 4017 ebionem
932 3951 1018 4019 de
1059 3952 1455 4038 Brandburg
1499 3975 1646 4018 cum
1693 3952 2003 4019 fratribus
2050 3956 2184 4019 suis
2229 3955 2586 4021 carissimis
2609 3950 2916 4019 avunculis

587 4039 846 4118 nostris,
912 4039 1083 4104 filios
1144 4039 1229 4102 D.
1298 4035 1576 4105 Joannis
1646 4040 2063 4123 marchionis,
2130 4038 2440 4105 videlicet
2495 4040 2582 4103 D.
2627 4040 2915 4105 Joannem

588 4121 1032 4190 marchionem
1093 4125 1720 4210 Brandburgensem
1781 4148 1931 4190 cum
2000 4126 2314 4191 fratribus
2359 4136 2426 4191 et
2468 4126 2622 4191 filiis
2667 4128 2816 4207 suis,
2854 4122 2914 4186 D.

587 4206 993 4275 Woleslaum
1043 4211 1273 4279 ducem
1298 4210 1574 4277 Silesiae
1619 4221 1684 4276 et
1729 4235 1938 4295 suum,
1985 4212 2220 4278 ducem
2269 4212 2418 4299 (sic)
2466 4212 2820 4277 Henricum
2859 4224 2912 4271 ac

588 4296 751 4361 alios
811 4294 979 4361 filios
1040 4319 1212 4381 suos,
1272 4299 1359 4363 D.
1423 4296 1850 4364 Chunradum
1919 4296 2150 4365 ducem
2211 4298 2460 4365 Slesiae
2523 4321 2674 4365 cum
2733 4294 2914 4385 pueris
