<?xml version="1.0" encoding="UTF-8"?>
<!DOCTYPE html PUBLIC "-//W3C//DTD XHTML 1.0 Transitional//EN"
    "http://www.w3.org/TR/xhtml1/DTD/xhtml1-transitional.dtd">
<html xmlns="http://www.w3.org/1999/xhtml" xml:lang="en" lang="en">
 <head>
  <title>
</title>
<meta http-equiv="Content-Type" content="text/html;charset=utf-8" />
  <meta name='ocr-system' content='tesseract 3.04.00' />
  <meta name='ocr-capabilities' content='ocr_page ocr_carea ocr_par ocr_line ocrx_word'/>
</head>
<body>
  <div class='ocr_page' id='page_1' title='image "./codexjurisbohem01unkngoog_0336.png"; bbox 0 0 3150 5017; ppageno 0'>
   <div class='ocr_carea' id='block_1_1' title="bbox 509 288 1938 364">
    <p class='ocr_par' dir='ltr' id='par_1_1' title="bbox 509 288 1938 364">
     <span class='ocr_line' id='line_1_1' title="bbox 509 288 1938 364; baseline -0.004 0"><span class='ocrx_word' id='word_1_1' title='bbox 509 316 645 364; x_wconf 72' lang='lat' dir='ltr'><strong>nm.</strong></span> <span class='ocrx_word' id='word_1_2' title='bbox 667 313 764 364; x_wconf 64' lang='lat'><strong>”11-</strong></span> <span class='ocrx_word' id='word_1_3' title='bbox 1465 332 1551 345; x_wconf 97' lang='lat'><strong>—</strong></span> <span class='ocrx_word' id='word_1_4' title='bbox 1638 288 1767 359; x_wconf 76' lang='lat'><strong>326</strong></span> <span class='ocrx_word' id='word_1_5' title='bbox 1855 328 1938 343; x_wconf 86' lang='lat'><strong>-—</strong></span> 
     </span>
    </p>
   </div>
   <div class='ocr_carea' id='block_1_2' title="bbox 487 462 2907 4371">
    <p class='ocr_par' dir='ltr' id='par_1_2' title="bbox 487 462 2907 4371">
     <span class='ocr_line' id='line_1_2' title="bbox 487 462 2895 557; baseline -0.002 -22"><span class='ocrx_word' id='word_1_6' title='bbox 487 468 911 557; x_wconf 77' lang='lat' dir='ltr'><strong>&#39;juratorum3</strong></span> <span class='ocrx_word' id='word_1_7' title='bbox 969 470 1127 555; x_wconf 83' lang='lat' dir='ltr'><strong>quia</strong></span> <span class='ocrx_word' id='word_1_8' title='bbox 1169 468 1352 533; x_wconf 85' lang='lat' dir='ltr'><strong>fraus</strong></span> <span class='ocrx_word' id='word_1_9' title='bbox 1408 474 1476 534; x_wconf 89' lang='lat' dir='ltr'><strong>et</strong></span> <span class='ocrx_word' id='word_1_10' title='bbox 1532 466 1723 533; x_wconf 81' lang='lat' dir='ltr'><strong>dolus</strong></span> <span class='ocrx_word' id='word_1_11' title='bbox 1782 466 1981 532; x_wconf 85' lang='lat' dir='ltr'><strong>alicui</strong></span> <span class='ocrx_word' id='word_1_12' title='bbox 2043 465 2438 553; x_wconf 72' lang='lat' dir='ltr'><strong>patrocinari</strong></span> <span class='ocrx_word' id='word_1_13' title='bbox 2485 484 2620 532; x_wconf 87' lang='lat' dir='ltr'><strong>non</strong></span> <span class='ocrx_word' id='word_1_14' title='bbox 2668 462 2895 533; x_wconf 85' lang='lat' dir='ltr'><strong>debet.</strong></span> 
     </span>
     <span class='ocr_line' id='line_1_3' title="bbox 523 551 2901 643; baseline -0.001 -23"><span class='ocrx_word' id='word_1_15' title='bbox 523 560 584 640; x_wconf 64' lang='lat'><strong>§-</strong></span> <span class='ocrx_word' id='word_1_16' title='bbox 635 558 734 623; x_wconf 78' lang='lat'><strong>12.</strong></span> <span class='ocrx_word' id='word_1_17' title='bbox 778 556 1152 643; x_wconf 82' lang='lat' dir='ltr'><strong>Numquam</strong></span> <span class='ocrx_word' id='word_1_18' title='bbox 1195 576 1356 623; x_wconf 81' lang='lat' dir='ltr'><strong>vero</strong></span> <span class='ocrx_word' id='word_1_19' title='bbox 1401 556 1482 637; x_wconf 87' lang='lat' dir='ltr'><strong>ei,</strong></span> <span class='ocrx_word' id='word_1_20' title='bbox 1529 558 1641 640; x_wconf 87' lang='lat' dir='ltr'><strong>qui</strong></span> <span class='ocrx_word' id='word_1_21' title='bbox 1685 553 1753 619; x_wconf 78' lang='lat' dir='ltr'><strong>vi</strong></span> <span class='ocrx_word' id='word_1_22' title='bbox 1796 562 1911 619; x_wconf 87' lang='lat' dir='ltr'><strong>aut</strong></span> <span class='ocrx_word' id='word_1_23' title='bbox 1952 552 2124 618; x_wconf 86' lang='lat' dir='ltr'><strong>clam</strong></span> <span class='ocrx_word' id='word_1_24' title='bbox 2168 551 2457 642; x_wconf 83' lang='lat' dir='ltr'><strong>aliquam</strong></span> <span class='ocrx_word' id='word_1_25' title='bbox 2500 552 2901 639; x_wconf 71' lang='lat' dir='ltr'><strong>particulam</strong></span> 
     </span>
     <span class='ocr_line' id='line_1_4' title="bbox 519 639 2901 729; baseline -0.001 -22"><span class='ocrx_word' id='word_1_26' title='bbox 519 641 818 729; x_wconf 63' lang='lat' dir='ltr'><strong>alicujus¹</strong></span> <span class='ocrx_word' id='word_1_27' title='bbox 863 653 1120 709; x_wconf 87' lang='lat' dir='ltr'><strong>meatus</strong></span> <span class='ocrx_word' id='word_1_28' title='bbox 1173 640 1566 728; x_wconf 84' lang='lat' dir='ltr'><strong>subreptam·</strong></span> <span class='ocrx_word' id='word_1_29' title='bbox 1611 642 1787 706; x_wconf 86' lang='lat' dir='ltr'><strong>veris</strong></span> <span class='ocrx_word' id='word_1_30' title='bbox 1848 639 2098 705; x_wconf 87' lang='lat' dir='ltr'><strong>colonis</strong></span> <span class='ocrx_word' id='word_1_31' title='bbox 2158 660 2203 705; x_wconf 91' lang='lat' dir='ltr'><strong>a</strong></span> <span class='ocrx_word' id='word_1_32' title='bbox 2243 648 2629 705; x_wconf 80' lang='lat' dir='ltr'><strong>concessere</strong></span> <span class='ocrx_word' id='word_1_33' title='bbox 2692 641 2901 705; x_wconf 87' lang='lat' dir='ltr'><strong>susci-</strong></span> 
     </span>
     <span class='ocr_line' id='line_1_5' title="bbox 507 726 2901 816; baseline -0.001 -22"><span class='ocrx_word' id='word_1_34' title='bbox 507 730 664 816; x_wconf 84' lang='lat' dir='ltr'><strong>piat,</strong></span> <span class='ocrx_word' id='word_1_35' title='bbox 709 729 940 795; x_wconf 87' lang='lat' dir='ltr'><strong>insciis</strong></span> <span class='ocrx_word' id='word_1_36' title='bbox 984 737 1051 795; x_wconf 89' lang='lat' dir='ltr'><strong>et</strong></span> <span class='ocrx_word' id='word_1_37' title='bbox 1092 728 1320 796; x_wconf 83' lang='lat' dir='ltr'><strong>invitis</strong></span> <span class='ocrx_word' id='word_1_38' title='bbox 1365 726 1621 814; x_wconf 89' lang='lat' dir='ltr'><strong>aliquid</strong></span> <span class='ocrx_word' id='word_1_39' title='bbox 1652 728 1827 813; x_wconf 88' lang='lat' dir='ltr'><strong>juris</strong></span> <span class='ocrx_word' id='word_1_40' title='bbox 1874 727 2250 813; x_wconf 85' lang='lat' dir='ltr'><strong>acquiritur,</strong></span> <span class='ocrx_word' id='word_1_41' title='bbox 2296 736 2373 792; x_wconf 85' lang='lat' dir='ltr'><strong>et·</strong></span> <span class='ocrx_word' id='word_1_42' title='bbox 2397 727 2509 813; x_wconf 85' lang='lat' dir='ltr'><strong>jus</strong></span> <span class='ocrx_word' id='word_1_43' title='bbox 2556 726 2616 791; x_wconf 87' lang='lat' dir='ltr'><strong>ei</strong></span> <span class='ocrx_word' id='word_1_44' title='bbox 2661 747 2751 791; x_wconf 81' lang='lat' dir='ltr'><strong>ex</strong></span> <span class='ocrx_word' id='word_1_45' title='bbox 2773 726 2901 792; x_wconf 90' lang='lat' dir='ltr'><strong>hoc</strong></span> 
     </span>
     <span class='ocr_line' id='line_1_6' title="bbox 510 814 2896 903; baseline -0.003 -19"><span class='ocrx_word' id='word_1_46' title='bbox 510 817 763 903; x_wconf 85' lang='lat' dir='ltr'><strong>acquiri</strong></span> <span class='ocrx_word' id='word_1_47' title='bbox 823 815 1012 881; x_wconf 88' lang='lat' dir='ltr'><strong>multi</strong></span> <span class='ocrx_word' id='word_1_48' title='bbox 1073 823 1328 881; x_wconf 87' lang='lat' dir='ltr'><strong>veteres</strong></span> <span class='ocrx_word' id='word_1_49' title='bbox 1373 822 1841 881; x_wconf 88' lang='lat' dir='ltr'><strong>concesserunt</strong></span> <span class='ocrx_word' id='word_1_50' title='bbox 1859 836 1889 899; x_wconf 71' lang='grc' dir='ltr'><strong>ς·</strong></span> <span class='ocrx_word' id='word_1_51' title='bbox 1938 834 2215 900; x_wconf 89' lang='lat' dir='ltr'><strong>quorum</strong></span> <span class='ocrx_word' id='word_1_52' title='bbox 2278 834 2565 879; x_wconf 90' lang='lat' dir='ltr'><strong>errorem</strong></span> <span class='ocrx_word' id='word_1_53' title='bbox 2608 814 2896 898; x_wconf 85' lang='lat' dir='ltr'><strong>corrigi-</strong></span> 
     </span>
     <span class='ocr_line' id='line_1_7' title="bbox 507 898 2893 989; baseline -0 -22"><span class='ocrx_word' id='word_1_54' title='bbox 507 924 656 968; x_wconf 87' lang='lat' dir='ltr'><strong>mus</strong></span> <span class='ocrx_word' id='word_1_55' title='bbox 699 904 768 967; x_wconf 89' lang='lat' dir='ltr'><strong>in</strong></span> <span class='ocrx_word' id='word_1_56' title='bbox 812 902 940 968; x_wconf 89' lang='lat' dir='ltr'><strong>hac</strong></span> <span class='ocrx_word' id='word_1_57' title='bbox 971 910 1188 989; x_wconf 87' lang='lat' dir='ltr'><strong>parte,</strong></span> <span class='ocrx_word' id='word_1_58' title='bbox 1252 922 1336 967; x_wconf 92' lang='lat' dir='ltr'><strong>ne</strong></span> <span class='ocrx_word' id='word_1_59' title='bbox 1381 909 1639 967; x_wconf 77' lang='lat' dir='ltr'><strong>nosmet</strong></span> <span class='ocrx_word' id='word_1_60' title='bbox 1682 900 2146 987; x_wconf 65' lang='lat' dir='ltr'><strong>ipsos‘erroris</strong></span> <span class='ocrx_word' id='word_1_61' title='bbox 2190 898 2425 985; x_wconf 90' lang='lat' dir='ltr'><strong>laqueo</strong></span> <span class='ocrx_word' id='word_1_62' title='bbox 2470 899 2893 976; x_wconf 71' lang='lat' dir='ltr'><strong>innodemus,</strong></span> 
     </span>
     <span class='ocr_line' id='line_1_8' title="bbox 498 986 2893 1077; baseline -0.002 -22"><span class='ocrx_word' id='word_1_63' title='bbox 498 991 697 1077; x_wconf 72' lang='lat' dir='ltr'><strong>Juxta</strong></span> <span class='ocrx_word' id='word_1_64' title='bbox 753 988 954 1054; x_wconf 82' lang='lat' dir='ltr'><strong>illud:</strong></span> <span class='ocrx_word' id='word_1_65' title='bbox 1019 988 1147 1069; x_wconf 78' lang='lat' dir='ltr'><strong>Qui</strong></span> <span class='ocrx_word' id='word_1_66' title='bbox 1207 988 1411 1053; x_wconf 87' lang='lat' dir='ltr'><strong>alium</strong></span> <span class='ocrx_word' id='word_1_67' title='bbox 1470 1008 1621 1052; x_wconf 89' lang='lat' dir='ltr'><strong>cum</strong></span> <span class='ocrx_word' id='word_1_68' title='bbox 1682 996 1897 1072; x_wconf 88' lang='lat' dir='ltr'><strong>potest</strong></span> <span class='ocrx_word' id='word_1_69' title='bbox 1958 986 2041 1053; x_wconf 90' lang='lat' dir='ltr'><strong>ab</strong></span> <span class='ocrx_word' id='word_1_70' title='bbox 2104 1008 2321 1053; x_wconf 88' lang='lat' dir='ltr'><strong>errore</strong></span> <span class='ocrx_word' id='word_1_71' title='bbox 2388 1006 2521 1051; x_wconf 89' lang='lat' dir='ltr'><strong>non</strong></span> <span class='ocrx_word' id='word_1_72' title='bbox 2588 996 2893 1069; x_wconf 76' lang='lat' dir='ltr'><strong>revocat,</strong></span> 
     </span>
     <span class='ocr_line' id='line_1_9' title="bbox 509 1073 2893 1162; baseline -0.003 -19"><span class='ocrx_word' id='word_1_73' title='bbox 509 1098 580 1143; x_wconf 88' lang='lat' dir='ltr'><strong>se</strong></span> <span class='ocrx_word' id='word_1_74' title='bbox 653 1077 870 1162; x_wconf 85' lang='lat' dir='ltr'><strong>ipsum</strong></span> <span class='ocrx_word' id='word_1_75' title='bbox 947 1095 1166 1141; x_wconf 90' lang='lat' dir='ltr'><strong>errare</strong></span> <span class='ocrx_word' id='word_1_76' title='bbox 1234 1076 1658 1139; x_wconf 88' lang='lat' dir='ltr'><strong>demonstrat.</strong></span> <span class='ocrx_word' id='word_1_77' title='bbox 1748 1073 2081 1151; x_wconf 91' lang='lat' dir='ltr'><strong>Dicentes,</strong></span> <span class='ocrx_word' id='word_1_78' title='bbox 2171 1073 2266 1138; x_wconf 90' lang='lat' dir='ltr'><strong>sic</strong></span> <span class='ocrx_word' id='word_1_79' title='bbox 2328 1081 2615 1156; x_wconf 84' lang='lat' dir='ltr'><strong>meatum</strong></span> <span class='ocrx_word' id='word_1_80' title='bbox 2683 1074 2893 1139; x_wconf 88' lang='lat' dir='ltr'><strong>istum</strong></span> 
     </span>
     <span class='ocr_line' id='line_1_10' title="bbox 507 1156 2899 1247; baseline -0.002 -18"><span class='ocrx_word' id='word_1_81' title='bbox 507 1164 978 1247; x_wconf 80' lang='lat' dir='ltr'><strong>suspicientem</strong></span> <span class='ocrx_word' id='word_1_82' title='bbox 1040 1160 1508 1227; x_wconf 87' lang='lat' dir='ltr'><strong>contrectando</strong></span> <span class='ocrx_word' id='word_1_83' title='bbox 1567 1159 2021 1227; x_wconf 81' lang='lat' dir='ltr'><strong>fraudulenter</strong></span> <span class='ocrx_word' id='word_1_84' title='bbox 2071 1181 2218 1226; x_wconf 80' lang='lat' dir='ltr'><strong>-rem</strong></span> <span class='ocrx_word' id='word_1_85' title='bbox 2262 1156 2570 1243; x_wconf 82' lang='lat' dir='ltr'><strong>alienam,</strong></span> <span class='ocrx_word' id='word_1_86' title='bbox 2644 1158 2899 1225; x_wconf 84' lang='lat' dir='ltr'><strong>furtum</strong></span> 
     </span>
     <span class='ocr_line' id='line_1_11' title="bbox 508 1244 2901 1335; baseline -0 -21"><span class='ocrx_word' id='word_1_87' title='bbox 508 1250 650 1315; x_wconf 87' lang='lat' dir='ltr'><strong>sine</strong></span> <span class='ocrx_word' id='word_1_88' title='bbox 711 1248 1232 1333; x_wconf 76' lang='lat' dir='ltr'><strong>contradictione</strong></span> <span class='ocrx_word' id='word_1_89' title='bbox 1299 1246 1597 1335; x_wconf 89' lang='lat' dir='ltr'><strong>qualibet</strong></span> <span class='ocrx_word' id='word_1_90' title='bbox 1660 1256 2063 1334; x_wconf 85' lang='lat' dir='ltr'><strong>perpetrare,</strong></span> <span class='ocrx_word' id='word_1_91' title='bbox 2134 1245 2496 1312; x_wconf 88' lang='lat' dir='ltr'><strong>secundum</strong></span> <span class='ocrx_word' id='word_1_92' title='bbox 2562 1244 2901 1331; x_wconf 87' lang='lat' dir='ltr'><strong>legitimas</strong></span> 
     </span>
     <span class='ocr_line' id='line_1_12' title="bbox 507 1332 2899 1419; baseline -0.001 -17"><span class='ocrx_word' id='word_1_93' title='bbox 507 1336 899 1419; x_wconf 71' lang='lat' dir='ltr'><strong>sanctiones,</strong></span> <span class='ocrx_word' id='word_1_94' title='bbox 949 1336 1046 1401; x_wconf 91' lang='lat' dir='ltr'><strong>sic</strong></span> <span class='ocrx_word' id='word_1_95' title='bbox 1089 1334 1332 1399; x_wconf 88' lang='lat' dir='ltr'><strong>furtum</strong></span> <span class='ocrx_word' id='word_1_96' title='bbox 1379 1333 1686 1419; x_wconf 78' lang='lat' dir='ltr'><strong>legaliter</strong></span> <span class='ocrx_word' id='word_1_97' title='bbox 1726 1334 2159 1400; x_wconf 83' lang='lat' dir='ltr'><strong>diffinientes:</strong></span> <span class='ocrx_word' id='word_1_98' title='bbox 2238 1332 2516 1399; x_wconf 79' lang='lat' dir='ltr'><strong>Furtum</strong></span> <span class='ocrx_word' id='word_1_99' title='bbox 2578 1340 2681 1397; x_wconf 86' lang='lat' dir='ltr'><strong>est</strong></span> <span class='ocrx_word' id='word_1_100' title='bbox 2742 1354 2899 1399; x_wconf 90' lang='lat' dir='ltr'><strong>con·</strong></span> 
     </span>
     <span class='ocr_line' id='line_1_13' title="bbox 504 1418 2900 1507; baseline -0.001 -20"><span class='ocrx_word' id='word_1_101' title='bbox 504 1422 738 1489; x_wconf 87' lang='lat' dir='ltr'><strong>tractio</strong></span> <span class='ocrx_word' id='word_1_102' title='bbox 783 1420 1203 1488; x_wconf 87' lang='lat' dir='ltr'><strong>fraudulenta</strong></span> <span class='ocrx_word' id='word_1_103' title='bbox 1247 1422 1343 1486; x_wconf 91' lang='lat' dir='ltr'><strong>rei</strong></span> <span class='ocrx_word' id='word_1_104' title='bbox 1389 1420 1663 1503; x_wconf 88' lang='lat' dir='ltr'><strong>alienae,</strong></span> <span class='ocrx_word' id='word_1_105' title='bbox 1710 1440 1879 1507; x_wconf 89' lang='lat' dir='ltr'><strong>quae</strong></span> <span class='ocrx_word' id='word_1_106' title='bbox 1902 1421 2111 1487; x_wconf 86' lang='lat' dir='ltr'><strong>invito</strong></span> <span class='ocrx_word' id='word_1_107' title='bbox 2129 1419 2395 1486; x_wconf 89' lang='lat' dir='ltr'><strong>domino</strong></span> <span class='ocrx_word' id='word_1_108' title='bbox 2440 1419 2531 1484; x_wconf 82' lang='lat' dir='ltr'><strong>fit.</strong></span> <span class='ocrx_word' id='word_1_109' title='bbox 2576 1418 2765 1505; x_wconf 81' lang='lat' dir='ltr'><strong>Ergo</strong></span> <span class='ocrx_word' id='word_1_110' title='bbox 2812 1442 2900 1485; x_wconf 86' lang='lat' dir='ltr'><strong>ex</strong></span> 
     </span>
     <span class='ocr_line' id='line_1_14' title="bbox 507 1505 2891 1594; baseline -0.001 -20"><span class='ocrx_word' id='word_1_111' title='bbox 507 1530 583 1575; x_wconf 88' lang='lat' dir='ltr'><strong>eo</strong></span> <span class='ocrx_word' id='word_1_112' title='bbox 627 1508 888 1573; x_wconf 82' lang='lat' dir='ltr'><strong>nullum</strong></span> <span class='ocrx_word' id='word_1_113' title='bbox 925 1510 1040 1593; x_wconf 88' lang='lat' dir='ltr'><strong>jus</strong></span> <span class='ocrx_word' id='word_1_114' title='bbox 1073 1508 1513 1594; x_wconf 82' lang='lat' dir='ltr'><strong>consequitur,</strong></span> <span class='ocrx_word' id='word_1_115' title='bbox 1557 1508 1692 1572; x_wconf 92' lang='lat' dir='ltr'><strong>imo</strong></span> <span class='ocrx_word' id='word_1_116' title='bbox 1716 1528 2029 1593; x_wconf 83' lang='lat' dir='ltr'><strong>poenam3</strong></span> <span class='ocrx_word' id='word_1_117' title='bbox 2076 1528 2201 1573; x_wconf 89' lang='lat' dir='ltr'><strong>nec</strong></span> <span class='ocrx_word' id='word_1_118' title='bbox 2231 1505 2639 1571; x_wconf 88' lang='lat' dir='ltr'><strong>consuetudo</strong></span> <span class='ocrx_word' id='word_1_119' title='bbox 2664 1508 2891 1593; x_wconf 88' lang='lat' dir='ltr'><strong>ipsum</strong></span> 
     </span>
     <span class='ocr_line' id='line_1_15' title="bbox 508 1592 2899 1685; baseline -0.001 -24"><span class='ocrx_word' id='word_1_120' title='bbox 508 1595 767 1661; x_wconf 84' lang='lat' dir='ltr'><strong>salvare</strong></span> <span class='ocrx_word' id='word_1_121' title='bbox 811 1596 1052 1683; x_wconf 88' lang='lat' dir='ltr'><strong>poterit</strong></span> <span class='ocrx_word' id='word_1_122' title='bbox 1091 1596 1161 1659; x_wconf 89' lang='lat' dir='ltr'><strong>in</strong></span> <span class='ocrx_word' id='word_1_123' title='bbox 1205 1594 1332 1658; x_wconf 92' lang='lat' dir='ltr'><strong>hoc</strong></span> <span class='ocrx_word' id='word_1_124' title='bbox 1376 1614 1568 1675; x_wconf 88' lang='lat' dir='ltr'><strong>casu;</strong></span> <span class='ocrx_word' id='word_1_125' title='bbox 1631 1595 1788 1681; x_wconf 88' lang='lat' dir='ltr'><strong>quia</strong></span> <span class='ocrx_word' id='word_1_126' title='bbox 1846 1594 2001 1659; x_wconf 91' lang='lat' dir='ltr'><strong>licet</strong></span> <span class='ocrx_word' id='word_1_127' title='bbox 2061 1592 2557 1659; x_wconf 86' lang='lat' dir='ltr'><strong>consuetudinis</strong></span> <span class='ocrx_word' id='word_1_128' title='bbox 2602 1614 2899 1685; x_wconf 86' lang='lat' dir='ltr'><strong>ususque</strong></span> 
     </span>
     <span class='ocr_line' id='line_1_16' title="bbox 505 1679 2907 1767; baseline -0.001 -19"><span class='ocrx_word' id='word_1_129' title='bbox 505 1682 814 1767; x_wconf 84' lang='lat' dir='ltr'><strong>longaevi</strong></span> <span class='ocrx_word' id='word_1_130' title='bbox 857 1703 990 1747; x_wconf 87' lang='lat' dir='ltr'><strong>non</strong></span> <span class='ocrx_word' id='word_1_131' title='bbox 1037 1682 1122 1747; x_wconf 91' lang='lat' dir='ltr'><strong>sit</strong></span> <span class='ocrx_word' id='word_1_132' title='bbox 1165 1682 1313 1747; x_wconf 85' lang='lat' dir='ltr'><strong>vilis</strong></span> <span class='ocrx_word' id='word_1_133' title='bbox 1359 1681 1734 1762; x_wconf 85' lang='lat' dir='ltr'><strong>auctoritas,</strong></span> <span class='ocrx_word' id='word_1_134' title='bbox 1782 1704 1915 1747; x_wconf 93' lang='lat' dir='ltr'><strong>non</strong></span> <span class='ocrx_word' id='word_1_135' title='bbox 1962 1689 2062 1746; x_wconf 90' lang='lat' dir='ltr'><strong>est</strong></span> <span class='ocrx_word' id='word_1_136' title='bbox 2104 1690 2327 1753; x_wconf 88' lang='lat' dir='ltr'><strong>tamen</strong></span> <span class='ocrx_word' id='word_1_137' title='bbox 2371 1679 2537 1749; x_wconf 87' lang='lat' dir='ltr'><strong>adeo</strong></span> <span class='ocrx_word' id='word_1_138' title='bbox 2583 1679 2907 1757; x_wconf 84' lang='lat' dir='ltr'><strong>valitura,</strong></span> 
     </span>
     <span class='ocr_line' id='line_1_17' title="bbox 506 1767 2899 1854; baseline -0.001 -20"><span class='ocrx_word' id='word_1_139' title='bbox 506 1778 580 1834; x_wconf 91' lang='lat' dir='ltr'><strong>ut</strong></span> <span class='ocrx_word' id='word_1_140' title='bbox 623 1769 754 1853; x_wconf 85' lang='lat' dir='ltr'><strong>legi</strong></span> <span class='ocrx_word' id='word_1_141' title='bbox 799 1768 1064 1834; x_wconf 86' lang='lat' dir='ltr'><strong>divinae</strong></span> <span class='ocrx_word' id='word_1_142' title='bbox 1107 1768 1356 1833; x_wconf 88' lang='lat' dir='ltr'><strong>furtum</strong></span> <span class='ocrx_word' id='word_1_143' title='bbox 1399 1767 2003 1854; x_wconf 88' lang='lat' dir='ltr'><strong>prohibenti·possit</strong></span> <span class='ocrx_word' id='word_1_144' title='bbox 2024 1767 2506 1854; x_wconf 88' lang='lat' dir='ltr'><strong>praejudicium</strong></span> <span class='ocrx_word' id='word_1_145' title='bbox 2550 1788 2899 1852; x_wconf 85' lang='lat' dir='ltr'><strong>generare.</strong></span> 
     </span>
     <span class='ocr_line' id='line_1_18' title="bbox 505 1852 2903 1940; baseline -0.001 -19"><span class='ocrx_word' id='word_1_146' title='bbox 505 1859 567 1939; x_wconf 67' lang='grc' dir='ltr'><strong>ξ.</strong></span> <span class='ocrx_word' id='word_1_147' title='bbox 617 1856 716 1920; x_wconf 87' lang='grc'><strong>13.</strong></span> <span class='ocrx_word' id='word_1_148' title='bbox 761 1852 1088 1921; x_wconf 88' lang='lat' dir='ltr'><strong>Omnibus</strong></span> <span class='ocrx_word' id='word_1_149' title='bbox 1132 1863 1351 1920; x_wconf 89' lang='lat' dir='ltr'><strong>autem</strong></span> <span class='ocrx_word' id='word_1_150' title='bbox 1395 1854 1520 1919; x_wconf 90' lang='lat' dir='ltr'><strong>rite</strong></span> <span class='ocrx_word' id='word_1_151' title='bbox 1565 1856 1871 1940; x_wconf 84' lang='lat' dir='ltr'><strong>peractis,</strong></span> <span class='ocrx_word' id='word_1_152' title='bbox 1916 1863 1989 1920; x_wconf 90' lang='lat' dir='ltr'><strong>ut</strong></span> <span class='ocrx_word' id='word_1_153' title='bbox 2031 1853 2442 1940; x_wconf 87' lang='lat' dir='ltr'><strong>praedictum</strong></span> <span class='ocrx_word' id='word_1_154' title='bbox 2482 1862 2601 1936; x_wconf 89' lang='lat' dir='ltr'><strong>est,</strong></span> <span class='ocrx_word' id='word_1_155' title='bbox 2652 1852 2903 1919; x_wconf 85' lang='lat' dir='ltr'><strong>dentur</strong></span> 
     </span>
     <span class='ocr_line' id='line_1_19' title="bbox 505 1939 2899 2027; baseline 0 -20"><span class='ocrx_word' id='word_1_156' title='bbox 505 1940 1068 2007; x_wconf 84' lang='lat' dir='ltr'><strong>mensuratoribus</strong></span> <span class='ocrx_word' id='word_1_157' title='bbox 1115 1941 1464 2007; x_wconf 83' lang='lat' dir='ltr'><strong>duodecim</strong></span> <span class='ocrx_word' id='word_1_158' title='bbox 1509 1939 1765 2007; x_wconf 89' lang='lat' dir='ltr'><strong>denarii</strong></span> <span class='ocrx_word' id='word_1_159' title='bbox 1808 1961 2206 2027; x_wconf 86' lang='lat' dir='ltr'><strong>grossorum,</strong></span> <span class='ocrx_word' id='word_1_160' title='bbox 2253 1942 2365 2027; x_wconf 90' lang='lat' dir='ltr'><strong>qui</strong></span> <span class='ocrx_word' id='word_1_161' title='bbox 2414 1939 2637 2005; x_wconf 84' lang='lat' dir='ltr'><strong>valent</strong></span> <span class='ocrx_word' id='word_1_162' title='bbox 2684 1962 2899 2007; x_wconf 86' lang='lat' dir='ltr'><strong>unum</strong></span> 
     </span>
     <span class='ocr_line' id='line_1_20' title="bbox 505 2027 2895 2115; baseline -0.001 -21"><span class='ocrx_word' id='word_1_163' title='bbox 505 2028 825 2095; x_wconf 84' lang='lat' dir='ltr'><strong>fertonem</strong></span> <span class='ocrx_word' id='word_1_164' title='bbox 870 2027 1122 2093; x_wconf 89' lang='lat' dir='ltr'><strong>usualis</strong></span> <span class='ocrx_word' id='word_1_165' title='bbox 1167 2028 1440 2113; x_wconf 85' lang='lat' dir='ltr'><strong>argenti,</strong></span> <span class='ocrx_word' id='word_1_166' title='bbox 1485 2028 1601 2115; x_wconf 90' lang='lat' dir='ltr'><strong>qui</strong></span> <span class='ocrx_word' id='word_1_167' title='bbox 1646 2037 1798 2093; x_wconf 88' lang='lat' dir='ltr'><strong>ante</strong></span> <span class='ocrx_word' id='word_1_168' title='bbox 1843 2028 2015 2094; x_wconf 88' lang='lat' dir='ltr'><strong>hanc</strong></span> <span class='ocrx_word' id='word_1_169' title='bbox 2056 2037 2347 2093; x_wconf 83' lang='lat' dir='ltr'><strong>nostram</strong></span> <span class='ocrx_word' id='word_1_170' title='bbox 2394 2034 2727 2113; x_wconf 79' lang='lat' dir='ltr'><strong>monetam</strong></span> <span class='ocrx_word' id='word_1_171' title='bbox 2770 2028 2895 2093; x_wconf 84' lang='lat' dir='ltr'><strong>cis·</strong></span> 
     </span>
     <span class='ocr_line' id='line_1_21' title="bbox 506 2113 2899 2201; baseline -0 -19"><span class='ocrx_word' id='word_1_172' title='bbox 506 2116 658 2182; x_wconf 88' lang='lat' dir='ltr'><strong>dem</strong></span> <span class='ocrx_word' id='word_1_173' title='bbox 703 2113 1002 2199; x_wconf 83' lang='lat' dir='ltr'><strong>dabatur,</strong></span> <span class='ocrx_word' id='word_1_174' title='bbox 1048 2122 1244 2201; x_wconf 88' lang='lat' dir='ltr'><strong>prout</strong></span> <span class='ocrx_word' id='word_1_175' title='bbox 1285 2116 1512 2181; x_wconf 79' lang='lat' dir='ltr'><strong>veteri·</strong></span> <span class='ocrx_word' id='word_1_176' title='bbox 1527 2116 1682 2201; x_wconf 88' lang='lat' dir='ltr'><strong>jure</strong></span> <span class='ocrx_word' id='word_1_177' title='bbox 1728 2123 2186 2181; x_wconf 86' lang='lat' dir='ltr'><strong>montanorum</strong></span> <span class='ocrx_word' id='word_1_178' title='bbox 2233 2113 2449 2179; x_wconf 88' lang='lat' dir='ltr'><strong>fuerat</strong></span> <span class='ocrx_word' id='word_1_179' title='bbox 2491 2114 2899 2181; x_wconf 86' lang='lat' dir='ltr'><strong>institutum.</strong></span> 
     </span>
     <span class='ocr_line' id='line_1_22' title="bbox 508 2200 2893 2287; baseline -0.001 -20"><span class='ocrx_word' id='word_1_180' title='bbox 508 2206 570 2287; x_wconf 65' lang='grc' dir='ltr'><strong>ξ.</strong></span> <span class='ocrx_word' id='word_1_181' title='bbox 622 2204 758 2267; x_wconf 85' lang='grc'><strong>14.·</strong></span> <span class='ocrx_word' id='word_1_182' title='bbox 792 2200 980 2267; x_wconf 87' lang='lat' dir='ltr'><strong>Haec</strong></span> <span class='ocrx_word' id='word_1_183' title='bbox 1023 2222 1179 2267; x_wconf 85' lang='lat' dir='ltr'><strong>vero</strong></span> <span class='ocrx_word' id='word_1_184' title='bbox 1226 2210 1444 2287; x_wconf 88' lang='lat' dir='ltr'><strong>partes</strong></span> <span class='ocrx_word' id='word_1_185' title='bbox 1505 2211 1662 2267; x_wconf 89' lang='lat' dir='ltr'><strong>sunt</strong></span> <span class='ocrx_word' id='word_1_186' title='bbox 1724 2210 1987 2268; x_wconf 86' lang='lat' dir='ltr'><strong>nostrae</strong></span> <span class='ocrx_word' id='word_1_187' title='bbox 2050 2201 2335 2268; x_wconf 88' lang='lat' dir='ltr'><strong>urburae</strong></span> <span class='ocrx_word' id='word_1_188' title='bbox 2395 2202 2757 2267; x_wconf 85' lang='lat' dir='ltr'><strong>attinentes</strong></span> <span class='ocrx_word' id='word_1_189' title='bbox 2826 2202 2893 2265; x_wconf 92' lang='lat' dir='ltr'><strong>in</strong></span> 
     </span>
     <span class='ocr_line' id='line_1_23' title="bbox 507 2286 2891 2374; baseline -0.001 -19"><span class='ocrx_word' id='word_1_190' title='bbox 507 2297 728 2355; x_wconf 87' lang='lat' dir='ltr'><strong>monte</strong></span> <span class='ocrx_word' id='word_1_191' title='bbox 787 2288 1081 2374; x_wconf 89' lang='lat' dir='ltr'><strong>quolibet</strong></span> <span class='ocrx_word' id='word_1_192' title='bbox 1138 2296 1552 2353; x_wconf 86' lang='lat' dir='ltr'><strong>mensurato:</strong></span> <span class='ocrx_word' id='word_1_193' title='bbox 1622 2288 1843 2354; x_wconf 86' lang='lat' dir='ltr'><strong>Primo</strong></span> <span class='ocrx_word' id='word_1_194' title='bbox 1904 2310 2037 2353; x_wconf 88' lang='lat' dir='ltr'><strong>una</strong></span> <span class='ocrx_word' id='word_1_195' title='bbox 2082 2297 2315 2354; x_wconf 82' lang='lat' dir='ltr'><strong>octava</strong></span> <span class='ocrx_word' id='word_1_196' title='bbox 2360 2288 2503 2353; x_wconf 90' lang='lat' dir='ltr'><strong>sine</strong></span> <span class='ocrx_word' id='word_1_197' title='bbox 2548 2286 2730 2352; x_wconf 88' lang='lat' dir='ltr'><strong>omni</strong></span> <span class='ocrx_word' id='word_1_198' title='bbox 2781 2310 2891 2353; x_wconf 88' lang='lat' dir='ltr'><strong>ex·</strong></span> 
     </span>
     <span class='ocr_line' id='line_1_24' title="bbox 509 2372 2893 2463; baseline 0 -22"><span class='ocrx_word' id='word_1_199' title='bbox 509 2396 739 2463; x_wconf 85' lang='lat' dir='ltr'><strong>pensa,</strong></span> <span class='ocrx_word' id='word_1_200' title='bbox 779 2396 950 2462; x_wconf 89' lang='lat' dir='ltr'><strong>quae</strong></span> <span class='ocrx_word' id='word_1_201' title='bbox 995 2373 1240 2439; x_wconf 86' lang='lat' dir='ltr'><strong>urbura</strong></span> <span class='ocrx_word' id='word_1_202' title='bbox 1283 2372 1671 2461; x_wconf 88' lang='lat' dir='ltr'><strong>appellatur,</strong></span> <span class='ocrx_word' id='word_1_203' title='bbox 1717 2384 1872 2441; x_wconf 86' lang='lat' dir='ltr'><strong>ante</strong></span> <span class='ocrx_word' id='word_1_204' title='bbox 1933 2396 2011 2441; x_wconf 90' lang='lat' dir='ltr'><strong>ac</strong></span> <span class='ocrx_word' id='word_1_205' title='bbox 2068 2384 2419 2462; x_wconf 87' lang='lat' dir='ltr'><strong>postquam</strong></span> <span class='ocrx_word' id='word_1_206' title='bbox 2463 2372 2662 2440; x_wconf 89' lang='lat' dir='ltr'><strong>fuerit</strong></span> <span class='ocrx_word' id='word_1_207' title='bbox 2712 2397 2893 2441; x_wconf 86' lang='lat' dir='ltr'><strong>men·</strong></span> 
     </span>
     <span class='ocr_line' id='line_1_25' title="bbox 509 2460 2895 2548; baseline -0.001 -19"><span class='ocrx_word' id='word_1_208' title='bbox 509 2469 838 2545; x_wconf 82' lang='lat' dir='ltr'><strong>suratum3</strong></span> <span class='ocrx_word' id='word_1_209' title='bbox 885 2462 1074 2547; x_wconf 76' lang='lat' dir='ltr'><strong>quus</strong></span> <span class='ocrx_word' id='word_1_210' title='bbox 1119 2482 1269 2548; x_wconf 88' lang='lat' dir='ltr'><strong>pars</strong></span> <span class='ocrx_word' id='word_1_211' title='bbox 1313 2461 1508 2527; x_wconf 88' lang='lat' dir='ltr'><strong>tertia</strong></span> <span class='ocrx_word' id='word_1_212' title='bbox 1570 2469 1719 2548; x_wconf 89' lang='lat' dir='ltr'><strong>post</strong></span> <span class='ocrx_word' id='word_1_213' title='bbox 1763 2464 2314 2529; x_wconf 81' lang='lat' dir='ltr'><strong>mensurationem</strong></span> <span class='ocrx_word' id='word_1_214' title='bbox 2362 2461 2537 2527; x_wconf 90' lang='lat' dir='ltr'><strong>cedit</strong></span> <span class='ocrx_word' id='word_1_215' title='bbox 2581 2460 2895 2544; x_wconf 89' lang='lat' dir='ltr'><strong>dominis,</strong></span> 
     </span>
     <span class='ocr_line' id='line_1_26' title="bbox 507 2547 2894 2635; baseline 0 -22"><span class='ocrx_word' id='word_1_216' title='bbox 507 2550 579 2615; x_wconf 88' lang='lat' dir='ltr'><strong>in</strong></span> <span class='ocrx_word' id='word_1_217' title='bbox 625 2567 905 2635; x_wconf 88' lang='lat' dir='ltr'><strong>quorum</strong></span> <span class='ocrx_word' id='word_1_218' title='bbox 949 2547 1310 2614; x_wconf 86' lang='lat' dir='ltr'><strong>hereditate</strong></span> <span class='ocrx_word' id='word_1_219' title='bbox 1377 2569 1566 2613; x_wconf 88' lang='lat' dir='ltr'><strong>mons</strong></span> <span class='ocrx_word' id='word_1_220' title='bbox 1626 2548 1741 2614; x_wconf 90' lang='lat' dir='ltr'><strong>ille</strong></span> <span class='ocrx_word' id='word_1_221' title='bbox 1802 2548 1998 2613; x_wconf 88' lang='lat' dir='ltr'><strong>fuerit</strong></span> <span class='ocrx_word' id='word_1_222' title='bbox 2064 2556 2503 2616; x_wconf 88' lang='lat' dir='ltr'><strong>mensuratus.</strong></span> <span class='ocrx_word' id='word_1_223' title='bbox 2590 2547 2894 2614; x_wconf 89' lang='lat' dir='ltr'><strong>Postmo-</strong></span> 
     </span>
     <span class='ocr_line' id='line_1_27' title="bbox 512 2633 2889 2721; baseline -0 -21"><span class='ocrx_word' id='word_1_224' title='bbox 512 2634 667 2700; x_wconf 88' lang='lat' dir='ltr'><strong>dum</strong></span> <span class='ocrx_word' id='word_1_225' title='bbox 749 2656 906 2700; x_wconf 81' lang='lat' dir='ltr'><strong>vero</strong></span> <span class='ocrx_word' id='word_1_226' title='bbox 983 2633 1287 2699; x_wconf 88' lang='lat' dir='ltr'><strong>similiter</strong></span> <span class='ocrx_word' id='word_1_227' title='bbox 1361 2643 1511 2721; x_wconf 90' lang='lat' dir='ltr'><strong>post</strong></span> <span class='ocrx_word' id='word_1_228' title='bbox 1588 2636 2145 2702; x_wconf 84' lang='lat' dir='ltr'><strong>mensurationem</strong></span> <span class='ocrx_word' id='word_1_229' title='bbox 2230 2635 2403 2701; x_wconf 88' lang='lat' dir='ltr'><strong>cedit</strong></span> <span class='ocrx_word' id='word_1_230' title='bbox 2483 2633 2678 2701; x_wconf 85' lang='lat' dir='ltr'><strong>nobis</strong></span> <span class='ocrx_word' id='word_1_231' title='bbox 2755 2656 2889 2700; x_wconf 86' lang='lat' dir='ltr'><strong>una</strong></span> 
     </span>
     <span class='ocr_line' id='line_1_28' title="bbox 523 2720 2892 2811; baseline 0 -26"><span class='ocrx_word' id='word_1_232' title='bbox 523 2720 918 2786; x_wconf 86' lang='lat' dir='ltr'><strong>schichta</strong></span> <span class='ocrx_word' id='word_1_233' title='bbox 980 2721 1052 2785; x_wconf 89' lang='lat' dir='ltr'><strong>in</strong></span> <span class='ocrx_word' id='word_1_234' title='bbox 1117 2742 1294 2787; x_wconf 86' lang='lat' dir='ltr'><strong>nona</strong></span> <span class='ocrx_word' id='word_1_235' title='bbox 1354 2730 1539 2807; x_wconf 87' lang='lat' dir='ltr'><strong>parte</strong></span> <span class='ocrx_word' id='word_1_236' title='bbox 1598 2720 1853 2806; x_wconf 83' lang='lat' dir='ltr'><strong>fabrili,</strong></span> <span class='ocrx_word' id='word_1_237' title='bbox 1928 2724 1998 2811; x_wconf 86' lang='lat' dir='ltr'><strong>in</strong></span> <span class='ocrx_word' id='word_1_238' title='bbox 2060 2744 2191 2809; x_wconf 90' lang='lat' dir='ltr'><strong>qua</strong></span> <span class='ocrx_word' id='word_1_239' title='bbox 2264 2742 2383 2788; x_wconf 90' lang='lat' dir='ltr'><strong>nos</strong></span> <span class='ocrx_word' id='word_1_240' title='bbox 2444 2741 2596 2788; x_wconf 90' lang='lat' dir='ltr'><strong>cum</strong></span> <span class='ocrx_word' id='word_1_241' title='bbox 2654 2720 2892 2787; x_wconf 85' lang='lat' dir='ltr'><strong>ceteris</strong></span> 
     </span>
     <span class='ocr_line' id='line_1_29' title="bbox 509 2806 2890 2895; baseline 0 -22"><span class='ocrx_word' id='word_1_242' title='bbox 509 2806 762 2875; x_wconf 89' lang='lat' dir='ltr'><strong>colonis</strong></span> <span class='ocrx_word' id='word_1_243' title='bbox 817 2816 934 2873; x_wconf 89' lang='lat' dir='ltr'><strong>aut</strong></span> <span class='ocrx_word' id='word_1_244' title='bbox 987 2806 1194 2873; x_wconf 86' lang='lat' dir='ltr'><strong>fabris</strong></span> <span class='ocrx_word' id='word_1_245' title='bbox 1250 2815 1553 2874; x_wconf 87' lang='lat' dir='ltr'><strong>tenemur</strong></span> <span class='ocrx_word' id='word_1_246' title='bbox 1610 2829 1837 2875; x_wconf 89' lang='lat' dir='ltr'><strong>omnes</strong></span> <span class='ocrx_word' id='word_1_247' title='bbox 1898 2820 2196 2895; x_wconf 88' lang='lat' dir='ltr'><strong>sumptus</strong></span> <span class='ocrx_word' id='word_1_248' title='bbox 2256 2808 2475 2874; x_wconf 84' lang='lat' dir='ltr'><strong>facere</strong></span> <span class='ocrx_word' id='word_1_249' title='bbox 2535 2816 2603 2873; x_wconf 92' lang='lat' dir='ltr'><strong>et</strong></span> <span class='ocrx_word' id='word_1_250' title='bbox 2644 2828 2890 2895; x_wconf 81' lang='lat' dir='ltr'><strong>expen-</strong></span> 
     </span>
     <span class='ocr_line' id='line_1_30' title="bbox 509 2893 2887 2983; baseline 0 -22"><span class='ocrx_word' id='word_1_251' title='bbox 509 2916 648 2971; x_wconf 84' lang='lat' dir='ltr'><strong>sas,</strong></span> <span class='ocrx_word' id='word_1_252' title='bbox 725 2895 1020 2981; x_wconf 81' lang='lat' dir='ltr'><strong>exceptis</strong></span> <span class='ocrx_word' id='word_1_253' title='bbox 1091 2893 1419 2978; x_wconf 86' lang='lat' dir='ltr'><strong>collectis,</strong></span> <span class='ocrx_word' id='word_1_254' title='bbox 1493 2896 1733 2981; x_wconf 89' lang='lat' dir='ltr'><strong>quibus</strong></span> <span class='ocrx_word' id='word_1_255' title='bbox 1808 2904 2063 2961; x_wconf 89' lang='lat' dir='ltr'><strong>nostras</strong></span> <span class='ocrx_word' id='word_1_256' title='bbox 2122 2903 2342 2983; x_wconf 87' lang='lat' dir='ltr'><strong>partes</strong></span> <span class='ocrx_word' id='word_1_257' title='bbox 2400 2893 2718 2960; x_wconf 89' lang='lat' dir='ltr'><strong>urburam</strong></span> <span class='ocrx_word' id='word_1_258' title='bbox 2795 2915 2887 2961; x_wconf 88' lang='lat' dir='ltr'><strong>se·</strong></span> 
     </span>
     <span class='ocr_line' id='line_1_31' title="bbox 511 2978 2887 3069; baseline 0 -24"><span class='ocrx_word' id='word_1_259' title='bbox 511 2988 790 3067; x_wconf 86' lang='lat' dir='ltr'><strong>quentes</strong></span> <span class='ocrx_word' id='word_1_260' title='bbox 860 3003 996 3047; x_wconf 84' lang='lat' dir='ltr'><strong>non</strong></span> <span class='ocrx_word' id='word_1_261' title='bbox 1071 2980 1376 3047; x_wconf 83' lang='lat' dir='ltr'><strong>volumus</strong></span> <span class='ocrx_word' id='word_1_262' title='bbox 1452 2984 1744 3061; x_wconf 82' lang='lat' dir='ltr'><strong>onerari3</strong></span> <span class='ocrx_word' id='word_1_263' title='bbox 1810 2981 1950 3048; x_wconf 87' lang='lat' dir='ltr'><strong>sed·</strong></span> <span class='ocrx_word' id='word_1_264' title='bbox 2002 2992 2151 3069; x_wconf 88' lang='lat' dir='ltr'><strong>post</strong></span> <span class='ocrx_word' id='word_1_265' title='bbox 2198 3002 2582 3048; x_wconf 86' lang='lat' dir='ltr'><strong>mensuram</strong></span> <span class='ocrx_word' id='word_1_266' title='bbox 2644 2978 2887 3047; x_wconf 90' lang='lat' dir='ltr'><strong>cedunt</strong></span> 
     </span>
     <span class='ocr_line' id='line_1_32' title="bbox 513 3066 2881 3156; baseline -0 -23"><span class='ocrx_word' id='word_1_267' title='bbox 513 3066 705 3137; x_wconf 90' lang='lat' dir='ltr'><strong>nobis</strong></span> <span class='ocrx_word' id='word_1_268' title='bbox 750 3069 908 3153; x_wconf 89' lang='lat' dir='ltr'><strong>quin</strong></span> <span class='ocrx_word' id='word_1_269' title='bbox 959 3088 1044 3133; x_wconf 86' lang='lat' dir='ltr'><strong>ue</strong></span> <span class='ocrx_word' id='word_1_270' title='bbox 1085 3068 1454 3133; x_wconf 86' lang='lat' dir='ltr'><strong>tricesimae</strong></span> <span class='ocrx_word' id='word_1_271' title='bbox 1499 3068 1671 3135; x_wconf 87' lang='lat' dir='ltr'><strong>duae</strong></span> <span class='ocrx_word' id='word_1_272' title='bbox 1715 3079 1956 3156; x_wconf 86' lang='lat' dir='ltr'><strong>partes,</strong></span> <span class='ocrx_word' id='word_1_273' title='bbox 2002 3076 2379 3156; x_wconf 87' lang='lat' dir='ltr'><strong>computata</strong></span> <span class='ocrx_word' id='word_1_274' title='bbox 2420 3069 2491 3132; x_wconf 89' lang='lat' dir='ltr'><strong>in</strong></span> <span class='ocrx_word' id='word_1_275' title='bbox 2536 3066 2671 3131; x_wconf 87' lang='lat' dir='ltr'><strong>illis</strong></span> <span class='ocrx_word' id='word_1_276' title='bbox 2698 3070 2881 3154; x_wconf 88' lang='lat' dir='ltr'><strong>quin-</strong></span> 
     </span>
     <span class='ocr_line' id='line_1_33' title="bbox 509 3152 2884 3247; baseline 0 -29"><span class='ocrx_word' id='word_1_277' title='bbox 509 3175 637 3247; x_wconf 85' lang='lat' dir='ltr'><strong>que</strong></span> <span class='ocrx_word' id='word_1_278' title='bbox 681 3154 923 3220; x_wconf 91' lang='lat' dir='ltr'>XXXI</span> <span class='ocrx_word' id='word_1_279' title='bbox 1001 3152 1302 3241; x_wconf 87' lang='lat' dir='ltr'><strong>partibus</strong></span> <span class='ocrx_word' id='word_1_280' title='bbox 1343 3156 1675 3221; x_wconf 88' lang='lat' dir='ltr'><strong>tricesima</strong></span> <span class='ocrx_word' id='word_1_281' title='bbox 1720 3155 2009 3221; x_wconf 90' lang='lat' dir='ltr'><strong>secunda</strong></span> <span class='ocrx_word' id='word_1_282' title='bbox 2098 3165 2254 3232; x_wconf 90' lang='lat' dir='ltr'><strong>arte,</strong></span> <span class='ocrx_word' id='word_1_283' title='bbox 2320 3174 2488 3242; x_wconf 83' lang='lat' dir='ltr'><strong>quae</strong></span> <span class='ocrx_word' id='word_1_284' title='bbox 2534 3154 2731 3219; x_wconf 88' lang='lat' dir='ltr'><strong>datur</strong></span> <span class='ocrx_word' id='word_1_285' title='bbox 2774 3176 2884 3241; x_wconf 86' lang='lat' dir='ltr'><strong>pro</strong></span> 
     </span>
     <span class='ocr_line' id='line_1_34' title="bbox 507 3180 2879 3328; baseline -0 -22"><span class='ocrx_word' id='word_1_286' title='bbox 507 3252 845 3307; x_wconf 85' lang='lat' dir='ltr'><strong>meatuum</strong></span> <span class='ocrx_word' id='word_1_287' title='bbox 892 3242 1328 3327; x_wconf 85' lang='lat' dir='ltr'><strong>susceptione.</strong></span> <span class='ocrx_word' id='word_1_288' title='bbox 1414 3242 1701 3328; x_wconf 88' lang='lat' dir='ltr'><strong>Insuper</strong></span> <span class='ocrx_word' id='word_1_289' title='bbox 1746 3242 1919 3307; x_wconf 89' lang='lat' dir='ltr'><strong>cedit</strong></span> <span class='ocrx_word' id='word_1_290' title='bbox 1962 3180 2153 3308; x_wconf 59' lang='lat' dir='ltr'><strong>nobis</strong></span> <span class='ocrx_word' id='word_1_291' title='bbox 2196 3264 2332 3307; x_wconf 91' lang='lat' dir='ltr'><strong>una</strong></span> <span class='ocrx_word' id='word_1_292' title='bbox 2377 3242 2709 3307; x_wconf 87' lang='lat' dir='ltr'><strong>sedecima</strong></span> <span class='ocrx_word' id='word_1_293' title='bbox 2730 3260 2879 3327; x_wconf 89' lang='lat' dir='ltr'><strong>pars</strong></span> 
     </span>
     <span class='ocr_line' id='line_1_35' title="bbox 511 3325 2875 3414; baseline -0 -21"><span class='ocrx_word' id='word_1_294' title='bbox 511 3330 654 3393; x_wconf 89' lang='lat' dir='ltr'><strong>sine</strong></span> <span class='ocrx_word' id='word_1_295' title='bbox 703 3325 879 3393; x_wconf 84' lang='lat' dir='ltr'><strong>omni</strong></span> <span class='ocrx_word' id='word_1_296' title='bbox 925 3349 1217 3413; x_wconf 81' lang='lat' dir='ltr'><strong>expensa</strong></span> <span class='ocrx_word' id='word_1_297' title='bbox 1260 3328 1330 3392; x_wconf 89' lang='lat' dir='ltr'><strong>in</strong></span> <span class='ocrx_word' id='word_1_298' title='bbox 1377 3327 1684 3397; x_wconf 88' lang='lat' dir='ltr'><strong>omnibus</strong></span> <span class='ocrx_word' id='word_1_299' title='bbox 1746 3330 2303 3410; x_wconf 85' lang='lat' dir='ltr'><strong>concessionibus,</strong></span> <span class='ocrx_word' id='word_1_300' title='bbox 2370 3348 2539 3414; x_wconf 89' lang='lat' dir='ltr'><strong>quae</strong></span> <span class='ocrx_word' id='word_1_301' title='bbox 2597 3328 2771 3393; x_wconf 83' lang='lat' dir='ltr'><strong>fiunt</strong></span> <span class='ocrx_word' id='word_1_302' title='bbox 2812 3328 2875 3391; x_wconf 88' lang='lat' dir='ltr'><strong>in</strong></span> 
     </span>
     <span class='ocr_line' id='line_1_36' title="bbox 511 3414 2880 3497; baseline -0 -18"><span class='ocrx_word' id='word_1_303' title='bbox 511 3415 842 3481; x_wconf 87' lang='lat' dir='ltr'><strong>montibus</strong></span> <span class='ocrx_word' id='word_1_304' title='bbox 885 3415 1299 3495; x_wconf 86' lang='lat' dir='ltr'><strong>mensuratis,</strong></span> <span class='ocrx_word' id='word_1_305' title='bbox 1348 3424 1412 3481; x_wconf 84' lang='lat' dir='ltr'><strong>et</strong></span> <span class='ocrx_word' id='word_1_306' title='bbox 1455 3415 1524 3479; x_wconf 90' lang='lat' dir='ltr'><strong>in</strong></span> <span class='ocrx_word' id='word_1_307' title='bbox 1570 3415 1783 3481; x_wconf 89' lang='lat' dir='ltr'><strong>laneis</strong></span> <span class='ocrx_word' id='word_1_308' title='bbox 1828 3438 1899 3481; x_wconf 87' lang='lat' dir='ltr'><strong>re</strong></span> <span class='ocrx_word' id='word_1_309' title='bbox 1946 3415 2179 3497; x_wconf 87' lang='lat' dir='ltr'><strong>alibus‚</strong></span> <span class='ocrx_word' id='word_1_310' title='bbox 2224 3417 2293 3480; x_wconf 88' lang='lat' dir='ltr'><strong>in</strong></span> <span class='ocrx_word' id='word_1_311' title='bbox 2340 3414 2550 3480; x_wconf 84' lang='lat' dir='ltr'><strong>laneis</strong></span> <span class='ocrx_word' id='word_1_312' title='bbox 2597 3414 2880 3479; x_wconf 90' lang='lat' dir='ltr'><strong>domino·</strong></span> 
     </span>
     <span class='ocr_line' id='line_1_37' title="bbox 505 3499 2881 3588; baseline -0.001 -20"><span class='ocrx_word' id='word_1_313' title='bbox 505 3524 672 3584; x_wconf 84' lang='lat' dir='ltr'><strong>rum,</strong></span> <span class='ocrx_word' id='word_1_314' title='bbox 719 3510 786 3567; x_wconf 88' lang='lat' dir='ltr'><strong>et</strong></span> <span class='ocrx_word' id='word_1_315' title='bbox 828 3501 897 3565; x_wconf 89' lang='lat' dir='ltr'><strong>in</strong></span> <span class='ocrx_word' id='word_1_316' title='bbox 945 3499 1526 3586; x_wconf 84' lang='lat' dir='ltr'><strong>superfluitatibus,</strong></span> <span class='ocrx_word' id='word_1_317' title='bbox 1575 3504 1873 3588; x_wconf 85' lang='lat' dir='ltr'><strong>exceptis</strong></span> <span class='ocrx_word' id='word_1_318' title='bbox 1944 3504 2127 3567; x_wconf 90' lang='lat' dir='ltr'><strong>aneis</strong></span> <span class='ocrx_word' id='word_1_319' title='bbox 2172 3511 2430 3567; x_wconf 88' lang='lat' dir='ltr'><strong>tantum</strong></span> <span class='ocrx_word' id='word_1_320' title='bbox 2474 3499 2787 3565; x_wconf 83' lang='lat' dir='ltr'><strong>civilibus</strong></span> <span class='ocrx_word' id='word_1_321' title='bbox 2810 3521 2881 3565; x_wconf 90' lang='lat' dir='ltr'><strong>ac</strong></span> 
     </span>
     <span class='ocr_line' id='line_1_38' title="bbox 506 3586 2881 3676; baseline -0.001 -22"><span class='ocrx_word' id='word_1_322' title='bbox 506 3588 836 3654; x_wconf 85' lang='lat' dir='ltr'><strong>montanis</strong></span> <span class='ocrx_word' id='word_1_323' title='bbox 903 3586 1334 3664; x_wconf 86' lang='lat' dir='ltr'><strong>hereditariis,</strong></span> <span class='ocrx_word' id='word_1_324' title='bbox 1401 3588 1472 3653; x_wconf 89' lang='lat' dir='ltr'><strong>in</strong></span> <span class='ocrx_word' id='word_1_325' title='bbox 1539 3590 1781 3676; x_wconf 89' lang='lat' dir='ltr'><strong>quibus</strong></span> <span class='ocrx_word' id='word_1_326' title='bbox 1848 3588 2027 3654; x_wconf 87' lang='lat' dir='ltr'><strong>dicta</strong></span> <span class='ocrx_word' id='word_1_327' title='bbox 2092 3587 2423 3654; x_wconf 88' lang='lat' dir='ltr'><strong>sedecima</strong></span> <span class='ocrx_word' id='word_1_328' title='bbox 2467 3609 2625 3675; x_wconf 89' lang='lat' dir='ltr'><strong>pars</strong></span> <span class='ocrx_word' id='word_1_329' title='bbox 2669 3586 2881 3653; x_wconf 87' lang='lat' dir='ltr'><strong>locum</strong></span> 
     </span>
     <span class='ocr_line' id='line_1_39' title="bbox 505 3672 2882 3761; baseline -0.001 -20"><span class='ocrx_word' id='word_1_330' title='bbox 505 3696 640 3741; x_wconf 90' lang='lat' dir='ltr'><strong>non</strong></span> <span class='ocrx_word' id='word_1_331' title='bbox 684 3675 930 3755; x_wconf 88' lang='lat' dir='ltr'><strong>habet;</strong></span> <span class='ocrx_word' id='word_1_332' title='bbox 1001 3675 1174 3738; x_wconf 88' lang='lat' dir='ltr'><strong>sicut</strong></span> <span class='ocrx_word' id='word_1_333' title='bbox 1217 3675 1394 3738; x_wconf 85' lang='lat' dir='ltr'><strong>enim</strong></span> <span class='ocrx_word' id='word_1_334' title='bbox 1441 3685 1698 3742; x_wconf 87' lang='lat' dir='ltr'><strong>veteres</strong></span> <span class='ocrx_word' id='word_1_335' title='bbox 1743 3684 1998 3761; x_wconf 80' lang='lat' dir='ltr'><strong>partem</strong></span> <span class='ocrx_word' id='word_1_336' title='bbox 2046 3675 2293 3739; x_wconf 89' lang='lat' dir='ltr'><strong>dictam</strong></span> <span class='ocrx_word' id='word_1_337' title='bbox 2340 3672 2742 3740; x_wconf 85' lang='lat' dir='ltr'><strong>sedecimam</strong></span> <span class='ocrx_word' id='word_1_338' title='bbox 2786 3675 2882 3738; x_wconf 90' lang='lat' dir='ltr'><strong>in·</strong></span> 
     </span>
     <span class='ocr_line' id='line_1_40' title="bbox 508 3760 2883 3846; baseline -0.001 -19"><span class='ocrx_word' id='word_1_339' title='bbox 508 3763 876 3841; x_wconf 79' lang='lat' dir='ltr'><strong>stituerunt,</strong></span> <span class='ocrx_word' id='word_1_340' title='bbox 937 3760 1044 3825; x_wconf 90' lang='lat' dir='ltr'><strong>hic</strong></span> <span class='ocrx_word' id='word_1_341' title='bbox 1103 3762 1317 3846; x_wconf 86' lang='lat' dir='ltr'><strong>ipsam</strong></span> <span class='ocrx_word' id='word_1_342' title='bbox 1376 3783 1559 3827; x_wconf 89' lang='lat' dir='ltr'><strong>nunc</strong></span> <span class='ocrx_word' id='word_1_343' title='bbox 1620 3782 1707 3827; x_wconf 84' lang='lat' dir='ltr'><strong>ex</strong></span> <span class='ocrx_word' id='word_1_344' title='bbox 1757 3783 1919 3827; x_wconf 86' lang='lat' dir='ltr'><strong>vera</strong></span> <span class='ocrx_word' id='word_1_345' title='bbox 1964 3763 2241 3828; x_wconf 89' lang='lat' dir='ltr'><strong>scientia</strong></span> <span class='ocrx_word' id='word_1_346' title='bbox 2285 3760 2775 3845; x_wconf 84' lang='lat' dir='ltr'><strong>confirmamus,</strong></span> <span class='ocrx_word' id='word_1_347' title='bbox 2821 3770 2883 3825; x_wconf 90' lang='lat' dir='ltr'><strong>et</strong></span> 
     </span>
     <span class='ocr_line' id='line_1_41' title="bbox 508 3846 2884 3937; baseline 0 -24"><span class='ocrx_word' id='word_1_348' title='bbox 508 3870 644 3913; x_wconf 90' lang='lat' dir='ltr'><strong>non</strong></span> <span class='ocrx_word' id='word_1_349' title='bbox 706 3849 957 3931; x_wconf 87' lang='lat' dir='ltr'><strong>injusta</strong></span> <span class='ocrx_word' id='word_1_350' title='bbox 1011 3846 1344 3933; x_wconf 87' lang='lat' dir='ltr'><strong>deinceps,</strong></span> <span class='ocrx_word' id='word_1_351' title='bbox 1405 3848 1522 3914; x_wconf 90' lang='lat' dir='ltr'><strong>sed</strong></span> <span class='ocrx_word' id='word_1_352' title='bbox 1573 3849 1757 3935; x_wconf 86' lang='lat' dir='ltr'><strong>justa</strong></span> <span class='ocrx_word' id='word_1_353' title='bbox 1816 3848 2139 3937; x_wconf 86' lang='lat' dir='ltr'><strong>nobisque</strong></span> <span class='ocrx_word' id='word_1_354' title='bbox 2199 3848 2427 3915; x_wconf 83' lang='lat' dir='ltr'><strong>debita</strong></span> <span class='ocrx_word' id='word_1_355' title='bbox 2484 3847 2884 3934; x_wconf 82' lang='lat' dir='ltr'><strong>appelletur3</strong></span> 
     </span>
     <span class='ocr_line' id='line_1_42' title="bbox 509 3932 2886 4022; baseline -0.002 -21"><span class='ocrx_word' id='word_1_356' title='bbox 509 3933 678 4001; x_wconf 86' lang='lat' dir='ltr'><strong>nulli</strong></span> <span class='ocrx_word' id='word_1_357' title='bbox 722 3956 808 4001; x_wconf 84' lang='lat' dir='ltr'><strong>ex</strong></span> <span class='ocrx_word' id='word_1_358' title='bbox 851 3955 928 3999; x_wconf 92' lang='lat' dir='ltr'><strong>eo</strong></span> <span class='ocrx_word' id='word_1_359' title='bbox 972 3934 1281 4020; x_wconf 81' lang='lat' dir='ltr'><strong>injuriam</strong></span> <span class='ocrx_word' id='word_1_360' title='bbox 1329 3933 1615 4022; x_wconf 86' lang='lat' dir='ltr'><strong>aliquam</strong></span> <span class='ocrx_word' id='word_1_361' title='bbox 1659 3936 2045 4021; x_wconf 86' lang='lat' dir='ltr'><strong>irrogantes.</strong></span> <span class='ocrx_word' id='word_1_362' title='bbox 2092 3936 2329 4001; x_wconf 87' lang='lat' dir='ltr'><strong>Nonne</strong></span> <span class='ocrx_word' id='word_1_363' title='bbox 2372 3934 2527 3999; x_wconf 89' lang='lat' dir='ltr'><strong>licet</strong></span> <span class='ocrx_word' id='word_1_364' title='bbox 2571 3932 2767 3999; x_wconf 87' lang='lat' dir='ltr'><strong>nobis</strong></span> <span class='ocrx_word' id='word_1_365' title='bbox 2810 3934 2886 3998; x_wconf 86' lang='lat' dir='ltr'><strong>de</strong></span> 
     </span>
     <span class='ocr_line' id='line_1_43' title="bbox 507 4018 2882 4171; baseline -0 -85"><span class='ocrx_word' id='word_1_366' title='bbox 507 4018 1034 4171; x_wconf 64' lang='lat' dir='ltr'><strong>possessionibus</strong></span> <span class='ocrx_word' id='word_1_367' title='bbox 1053 4030 1318 4087; x_wconf 87' lang='lat' dir='ltr'><strong>nostrae</strong></span> <span class='ocrx_word' id='word_1_368' title='bbox 1343 4043 1663 4105; x_wconf 84' lang='lat' dir='ltr'><strong>camerae,</strong></span> <span class='ocrx_word' id='word_1_369' title='bbox 1688 4029 1883 4108; x_wconf 89' lang='lat' dir='ltr'><strong>prout</strong></span> <span class='ocrx_word' id='word_1_370' title='bbox 1904 4022 2322 4099; x_wconf 82' lang='lat' dir='ltr'><strong>voluerimus,</strong></span> <span class='ocrx_word' id='word_1_371' title='bbox 2348 4020 2655 4095; x_wconf 86' lang='lat' dir='ltr'><strong>ordinare</strong></span> <span class='ocrx_word' id='word_1_372' title='bbox 2670 4020 2706 4085; x_wconf 81' lang='lat'><strong>⁴?</strong></span> <span class='ocrx_word' id='word_1_373' title='bbox 2754 4019 2882 4088; x_wconf 86' lang='lat' dir='ltr'><strong>Sed</strong></span> 
     </span>
     <span class='ocr_line' id='line_1_44' title="bbox 555 4107 2883 4192; baseline 0 -18"><span class='ocrx_word' id='word_1_374' title='bbox 555 4130 634 4174; x_wconf 83' lang='lat' dir='ltr'><strong>oc</strong></span> <span class='ocrx_word' id='word_1_375' title='bbox 677 4107 759 4175; x_wconf 87' lang='lat' dir='ltr'><strong>de</strong></span> <span class='ocrx_word' id='word_1_376' title='bbox 787 4128 978 4173; x_wconf 83' lang='lat' dir='ltr'><strong>novo</strong></span> <span class='ocrx_word' id='word_1_377' title='bbox 1023 4130 1156 4173; x_wconf 91' lang='lat' dir='ltr'><strong>non</strong></span> <span class='ocrx_word' id='word_1_378' title='bbox 1198 4108 1622 4192; x_wconf 86' lang='lat' dir='ltr'><strong>instituimus,</strong></span> <span class='ocrx_word' id='word_1_379' title='bbox 1667 4110 1797 4174; x_wconf 85' lang='lat' dir='ltr'><strong>imo</strong></span> <span class='ocrx_word' id='word_1_380' title='bbox 1832 4109 2250 4175; x_wconf 81' lang='lat' dir='ltr'><strong>inventiones</strong></span> <span class='ocrx_word' id='word_1_381' title='bbox 2274 4132 2313 4175; x_wconf 89' lang='lat' dir='ltr'><strong>a</strong></span> <span class='ocrx_word' id='word_1_382' title='bbox 2336 4108 2669 4173; x_wconf 88' lang='lat' dir='ltr'><strong>montanis</strong></span> <span class='ocrx_word' id='word_1_383' title='bbox 2712 4116 2883 4175; x_wconf 84' lang='lat' dir='ltr'><strong>vete·</strong></span> 
     </span>
     <span class='ocr_line' id='line_1_45' title="bbox 507 4192 2879 4283; baseline 0 -25"><span class='ocrx_word' id='word_1_384' title='bbox 507 4192 712 4268; x_wconf 83' lang='lat' dir='ltr'><strong>ribus·</strong></span> <span class='ocrx_word' id='word_1_385' title='bbox 749 4192 1213 4281; x_wconf 86' lang='lat' dir='ltr'><strong>approbamus,</strong></span> <span class='ocrx_word' id='word_1_386' title='bbox 1273 4214 1353 4259; x_wconf 86' lang='lat' dir='ltr'><strong>ac</strong></span> <span class='ocrx_word' id='word_1_387' title='bbox 1409 4198 1766 4283; x_wconf 87' lang='lat' dir='ltr'><strong>unicuique</strong></span> <span class='ocrx_word' id='word_1_388' title='bbox 1828 4194 1996 4261; x_wconf 89' lang='lat' dir='ltr'><strong>bene</strong></span> <span class='ocrx_word' id='word_1_389' title='bbox 2058 4194 2345 4283; x_wconf 81' lang='lat' dir='ltr'><strong>expedit,</strong></span> <span class='ocrx_word' id='word_1_390' title='bbox 2408 4194 2588 4279; x_wconf 86' lang='lat' dir='ltr'><strong>apud</strong></span> <span class='ocrx_word' id='word_1_391' title='bbox 2650 4200 2879 4260; x_wconf 87' lang='lat' dir='ltr'><strong>semet·</strong></span> 
     </span>
     <span class='ocr_line' id='line_1_46' title="bbox 509 4278 2871 4371; baseline 0.001 -27"><span class='ocrx_word' id='word_1_392' title='bbox 509 4278 728 4367; x_wconf 82' lang='lat' dir='ltr'><strong>ipsum</strong></span> <span class='ocrx_word' id='word_1_393' title='bbox 771 4302 1069 4371; x_wconf 85' lang='lat' dir='ltr'><strong>pensare,</strong></span> <span class='ocrx_word' id='word_1_394' title='bbox 1115 4281 1170 4345; x_wconf 88' lang='lat' dir='ltr'><strong>si</strong></span> <span class='ocrx_word' id='word_1_395' title='bbox 1213 4291 1441 4350; x_wconf 90' lang='lat' dir='ltr'><strong>nostra</strong></span> <span class='ocrx_word' id='word_1_396' title='bbox 1471 4281 1749 4351; x_wconf 88' lang='lat' dir='ltr'><strong>voluerit</strong></span> <span class='ocrx_word' id='word_1_397' title='bbox 1791 4282 2007 4349; x_wconf 90' lang='lat' dir='ltr'><strong>colere</strong></span> <span class='ocrx_word' id='word_1_398' title='bbox 2052 4286 2146 4349; x_wconf 89' lang='lat' dir='ltr'><strong>sic</strong></span> <span class='ocrx_word' id='word_1_399' title='bbox 2190 4288 2537 4361; x_wconf 77' lang='lat' dir='ltr'><strong>montana3</strong></span> <span class='ocrx_word' id='word_1_400' title='bbox 2582 4302 2740 4347; x_wconf 87' lang='lat' dir='ltr'><strong>nam</strong></span> <span class='ocrx_word' id='word_1_401' title='bbox 2764 4302 2871 4348; x_wconf 86' lang='lat' dir='ltr'><strong>vo·</strong></span> 
     </span>
    </p>
   </div>
   <div class='ocr_carea' id='block_1_3' title="bbox 3105 18 3110 581">
    <p class='ocr_par' dir='ltr' id='par_1_3' title="bbox 3105 18 3110 581">
     <span class='ocr_line' id='line_1_47' title="bbox 3105 18 3110 581; baseline 0 0"><span class='ocrx_word' id='word_1_402' title='bbox 3105 18 3110 581; x_wconf 95' lang='lat' dir='ltr'><strong> </strong></span> 
     </span>
    </p>
   </div>
  </div>
 </body>
</html>
