3150 5017
1141 330 1255 399 ‘”.
1320 296 1443 363 101
1532 330 1621 347 -

232 560 277 637 §-
316 554 373 619 5.
448 551 517 617 Si
606 555 709 621 uis
758 552 845 619 ali
896 575 1042 619 uem
1123 553 1332 619 homi-

220 662 345 705 nem
404 638 569 705 bacu
596 640 655 703 is
704 650 771 705 et
874 639 1131 707 ustibus
1182 661 1327 725 per-

220 727 483 806 cusserit,
530 725 638 793 vel
666 725 962 794 crinibus
985 726 1070 791 ad
1089 735 1329 793 terram

216 813 537 900 projecerit
626 821 695 877 et
802 812 1327 881 conculcaverit:

219 901 399 963 victus
464 898 725 965 duobus
793 900 1071 967 testibus
1130 921 1329 967 manu

218 984 452 1051 carebit.

352 1159 605 1225 XXXV.
692 1164 752 1241 §-
845 1161 899 1225 1.
1004 1159 1321 1225 Districte

212 1245 481 1310 volumus
507 1294 527 1329 ,
572 1254 647 1310 ut
692 1247 747 1311 si
794 1248 937 1331 quis
996 1248 1101 1311 vir
1146 1247 1319 1309 inem

212 1332 298 1397 vel
314 1331 653 1397 mulierem
676 1331 967 1419 aliquam
992 1334 1107 1413 ,vio
1136 1341 1322 1405 enter

214 1442 279 1504 op
318 1420 603 1501 rosserit,
648 1418 1079 1485 decollabitur
1152 1423 1212 1501 ξ.
1257 1420 1319 1483 2.

214 1506 334 1569 Tai
372 1514 597 1571 autem
624 1505 819 1572 modo
864 1506 1202 1572 vincetur:
1248 1504 1321 1571 Si

212 1594 368 1677 virgo
410 1591 519 1657 vel
566 1591 807 1657 mulier
830 1600 1191 1680 conquesta
1218 1591 1321 1655 fu-

214 1680 329 1757 erit,
388 1700 459 1745 se
520 1700 907 1766 oppressam
953 1681 1021 1745 in
1068 1700 1321 1765 campo,

210 1766 423 1831 sufficit
466 1767 529 1831 ei
575 1788 747 1831 unus
790 1768 1007 1843 testis,
1054 1768 1193 1831 sive
1238 1768 1321 1830 sit

91 1850 93 1855 ’
211 1862 407 1939 pastor
428 1853 570 1918 sive
594 1852 763 1919 alter
780 1852 1010 1933 homo;
1056 1854 1125 1917 in
1164 1852 1317 1917 civi·

213 1948 325 2005 tate
344 1961 499 2005 vero
524 1939 653 2004 duo
698 1940 1053 2005 sufficiunt.
1078 1944 1139 2021 ξ.
1168 1939 1227 2003 3.
1250 1937 1321 2003 Si

210 2035 401 2091 autem
448 2027 639 2111 virgo
681 2025 788 2091 vel
813 2024 1047 2091 mulier
1075 2026 1321 2091 laniata

211 2111 473 2179 vestibus
522 2122 585 2177 et
630 2112 1137 2198 sanguinolenta
1172 2134 1318 2177 con·

210 2208 413 2283 questa
470 2199 685 2275 fuerit,
742 2222 873 2267 non
940 2199 1191 2265 habens
1229 2208 1321 2263 te·

209 2293 321 2349 stes
360 2287 648 2373 aliquos:
710 2288 1048 2351 incusatus
1100 2306 1320 2351 coram

208 2370 424 2450 iudicio
470 2371 727 2439 duobus
772 2372 1051 2438 testibus
1082 2394 1319 2455 expur-

208 2456 408 2541 gabit3
453 2462 509 2525 si
606 2468 821 2525 autem
882 2480 1015 2524 non
1076 2458 1323 2524 laniata

209 2544 475 2612 vestibus
496 2568 623 2612 nec
635 2545 1141 2633 sanguinolenta
1162 2566 1319 2611 con-

212 2640 415 2715 questa
438 2632 659 2716 fuerit,
680 2634 1021 2699 incusatus
1048 2654 1119 2698 se
1143 2630 1321 2697 solus

212 2720 596 2805 expurgabit.
644 2724 705 2803 ξ.
752 2722 813 2785 4.
860 2720 951 2785 Et
999 2721 1054 2785 si
1086 2718 1323 2784 mulier

212 2808 543 2873 communis
562 2828 633 2873 se
648 2828 1029 2894 oppressam
1046 2826 1321 2891 conque-

212 2891 375 2973 ritur,
391 2901 453 2958 et
476 2916 829 2981 oppressor
850 2893 1317 2981 comparuerit:

208 2976 387 3061 judex
428 2982 488 3045 ei
532 2982 897 3047 satisfaciat
956 2980 1037 3047 de
1100 2979 1317 3045 consi-

213 3062 283 3127 lio
322 3064 401 3131 ali
450 3089 704 3133 uorum.

358 3089 682 3221 X‘XXVI.
702 3159 761 3307 ῗ.
783 3155 841 3221 1.
872 3155 943 3221 Si
958 3156 1107 3243 quis
1130 3155 1319 3221 alteri

214 3256 455 3305 uxorem
502 3263 687 3307 suam
742 3242 1077 3327 egitimam
1113 3241 1316 3309 dedu-

214 3326 361 3391 xerit
396 3336 459 3393 et
487 3330 545 3393 si
572 3350 721 3395 cum
762 3338 1013 3413 septem
1044 3330 1321 3395 testibus

214 3410 399 3477 victus
414 3412 638 3481 fuerit:
664 3417 989 3481 sententia
1011 3415 1147 3504 pali
1168 3415 1318 3481 sub-

209 3496 445 3581 jacebit.
492 3506 553 3583 §.
600 3501 661 3565 2.
706 3502 795 3569 Et
838 3504 895 3567 si
924 3502 1163 3591 aliquis
1202 3502 1320 3577 ali-

218 3604 381 3668 quem
414 3586 615 3673 juxta
657 3608 931 3655 uxorem
976 3611 1162 3657 suam
1211 3588 1323 3652 de-

218 3668 617 3817 prehenderit
654 3684 725 3741 et
768 3676 823 3739 si
870 3676 1101 3741 ambos
1120 3677 1322 3741 inter-

240 3760 445 3825 ecerit:
490 3764 739 3829 vocatis
775 3763 1005 3849 judice
1049 3771 1117 3829 et
1137 3765 1325 3849 jura-

220 3842 289 3907 tis
326 3845 509 3913 ambo
554 3850 649 3915 ita
692 3850 931 3915 mortui
956 3849 1108 3936 palo
1130 3850 1324 3915 truci·

220 3926 439 3999 dentur.
468 3938 527 4017 ἓ.
553 3936 613 4000 3.
638 3934 711 4003 Si
732 3946 953 4002 autem
980 3959 1153 4003 unus
1188 3933 1327 4001 illo-

221 4035 345 4115 rpm
370 4020 744 4088 interfectus
785 4022 1001 4099 fuerit,
1044 4026 1184 4089 sive
1226 4023 1331 4089 vir

223 4121 341 4167 sive
353 4107 591 4192 mulier,
610 4119 675 4175 et
686 4108 854 4177 alter
872 4110 1201 4196 effugerit:
1227 4110 1327 4175 in-

222 4190 1115 4263 terfectorhocmet-tertiusin
1133 4218 1324 4262 cruce

226 4276 491 4357 probabit
514 4291 579 4347 et
600 4282 769 4349 nulli
804 4284 1045 4349 exinde
1070 4305 1319 4370 poenae

1433 490 1551 555 pro
1607 468 1880 533 vulnere
1939 466 2144 533 duelli
2201 476 2576 553 amputetur

1430 552 1557 621 sibi
1603 576 1856 621 manus.
1905 558 1962 637 §-
1987 556 2046 621 5.
2092 556 2192 619 De
2221 554 2573 619 baculante.

1433 640 1505 707 Si
1554 642 1702 727 quis
1748 640 1950 707 alium
2019 640 2274 707 baculis
2319 649 2434 707 aut
2475 640 2572 703 fu·

1434 726 1644 795 stibus
1691 729 2100 814 percusserit,
2147 728 2254 793 vel
2279 725 2574 792 crinibus

1433 814 1520 882 ad
1564 823 1806 879 terram
1853 814 2224 900 projecerit,
2296 813 2429 879 vel'
2509 833 2570 877 e-

1434 899 1630 967 dibus
1662 900 2180 968 conculcaverit:
2207 902 2422 965 victus
2453 836 2570 963 Xu-

1434 988 1602 1053 obus
1661 986 1938 1053 testibus
1998 1008 2199 1053 manu
2256 988 2572 1070 privetur,

1433 1073 1543 1139 vel
1567 1076 1776 1160 ipsam
1796 1073 2571 1139 redimatcumearcis.

1460 1164 1465 1171 “
1561 1174 1566 1183 “
1609 1160 1872 1227 XXXV.
1920 1161 2019 1224 De
2063 1160 2401 1227 violatione
2441 1161 2571 1223 vir·-

1422 1249 1646 1333 finum
1690 1258 1747 1311 et
1787 1257 2025 1332 stupra
2071 1251 2130 1329 ξ.
2167 1249 2220 1313 1.
2253 1248 2570 1312 Districte

1425 1332 1648 1398 volum
1657 1356 1748 1408 us,
1773 1342 1846 1399 ut
1869 1336 1923 1399 si
1945 1335 2094 1419 quis
2110 1335 2432 1418 virginem
2459 1341 2572 1397 aut

1426 1419 1768 1485 mulierem
1799 1420 2121 1485 violenter
2152 1420 2568 1506 oppresserit,

1427 1506 1804 1573 decolletur.
1825 1512 1881 1589 ξ.
1894 1508 1953 1572 2.
1973 1506 2119 1573 Tali
2137 1516 2354 1572 autem
2373 1503 2568 1571 modo

1425 1595 1758 1659 vincetur:
1805 1593 1878 1659 Si
1915 1594 2102 1679 virgo
2168 1592 2276 1659 vel
2335 1592 2570 1657 mulier

1426 1690 1786 1767 conquesta
1829 1680 2026 1746 fuerit
2069 1702 2140 1745 se
2166 1699 2566 1766 oppressam,
2689 1756 2704 1765 ,

1424 1768 1493 1831 in
1520 1769 1788 1854 campis,
1815 1768 2056 1833 sufficit
2091 1768 2151 1833 ei
2170 1788 2342 1831 unus
2363 1767 2570 1845 testis,

1426 1855 1567 1919 sive
1615 1856 1699 1919 sit
1721 1862 1948 1940 pastor
1969 1855 2112 1919 sive
2155 1853 2322 1919 alter
2340 1851 2568 1937 hom03

1431 1940 1501 2004 in
1547 1941 1812 2005 civitate
1852 1962 2009 2005 vero
2053 1940 2183 2005 duo
2209 1940 2566 2003 sufficiunt.

1427 2031 1485 2108 ξ.
1506 2026 1569 2091 3.
1617 2026 1686 2091 Si
1729 2034 1950 2092 autem
1981 2027 2168 2111 virgo
2202 2026 2306 2090 vel
2333 2024 2570 2090 mulier

1426 2110 2570 2197 laniatavestibusvelsanguinolen·

1424 2207 1494 2265 ta
1540 2210 1902 2285 conquesta
1933 2199 2146 2281 fuerit,
2165 2220 2298 2263 non
2315 2197 2566 2263 habens

1426 2294 1628 2352 testes
1671 2285 1948 2373 aliquos:
1979 2288 2314 2350 incusatus
2346 2306 2568 2350 coram

1418 2373 1674 2459 judicio
1709 2371 1966 2438 duobus
2001 2372 2280 2438 testibus
2329 2394 2564 2457 expur-

1424 2457 1642 2545 gabit3
1719 2461 1774 2525 si
1835 2468 2054 2525 autem
2121 2481 2252 2525 non
2320 2459 2568 2525 laniata

1424 2545 1719 2614 vestibus
1743 2568 1869 2612 nec
1891 2547 2397 2632 sanguinolenta
2413 2566 2564 2611 con-

1424 2643 1659 2719 questa
1701 2633 1918 2714 fuerit,
1965 2636 2302 2699 incusatus
2348 2655 2418 2698 se
2463 2656 2565 2699 so·-

1424 2719 1527 2784 lus
1589 2721 1998 2807 expurgabit.
2061 2726 2120 2803 §-
2181 2722 2244 2785 4.
2316 2719 2448 2785 Sed
2509 2721 2564 2785 si

1422 2806 1660 2873 mulier
1689 2808 2054 2873 communis
2085 2829 2158 2873 se
2183 2827 2563 2893 oppressam

1426 2896 1866 2982 conqueritur,
1915 2902 1980 2960 et
2025 2914 2376 2981 oppressor
2390 2913 2563 2957 com-

1424 2983 1755 3131 paruerit:
1809 2980 2025 3068 judex
2085 2982 2146 3045 ei
2205 2980 2566 3045 satisfaciat

1470 3088 1509 3133 e
1566 3067 1840 3135 consilio
1899 3067 1989 3133 ali
2037 3089 2288 3133 uorum.

1600 3146 1898 3222 XXXVI.
2061 3176 2092 3219 e
2166 3153 2566 3219 adulterante

1424 3268 1565 3311 cum
1607 3242 1749 3308 alia
1791 3242 2067 3307 muliere.
2115 3246 2174 3324 ἕ.
2213 3244 2266 3305 1.
2315 3240 2382 3307 Si
2418 3240 2599 3327 quis*

1424 3332 1614 3398 alteri
1660 3350 1929 3394 uxorem
1978 3348 2162 3393 suam
2202 3327 2560 3413 legitimam
2602 3326 2610 3333 ’

1427 3417 1777 3484 deduxerit
1809 3425 1876 3480 et
1907 3416 1962 3479 si
1992 3437 2143 3480 cum
2161 3423 2409 3501 septem
2433 3422 2564 3478 tes-

1424 3504 1602 3570 tibus
1646 3504 1988 3568 convictus
2032 3501 2262 3568 fuerit:
2299 3510 2546 3565 senten·

1425 3593 1559 3657 tiae
1597 3589 1734 3675 pali
1781 3587 2164 3675 subjacebit.
2196 3592 2255 3670 ξ.
2287 3589 2350 3654 2.
2389 3587 2478 3651 Et
2507 3586 2563 3650 si

1428 3678 1667 3765 aliquis
1750 3675 1952 3740 alium
2017 3675 2214 3761 juxta
2289 3692 2561 3738 uxorem

1430 3784 1614 3829 suam
1660 3760 2018 3847 legitimam
2061 3759 2564 3847 deprehenderit

1428 3859 1497 3917 et
1518 3852 1575 3915 si
1617 3857 1966 3933 utrumque
1989 3847 2423 3912 interfecerit:
2449 3866 2563 3911 vo-

1431 3946 1576 4003 cato
1613 3932 1844 4021 judice
1887 3942 1952 3999 et
1986 3935 2226 4020 juratis
2249 3931 2442 3997 ambo
2467 3935 2564 3999 sic

1434 4024 1670 4089 mortui
1688 4022 1840 4109 palo
1857 4021 2284 4085 trucidantur.
2332 4023 2392 4102 ἓ.
2409 4021 2470 4085 3.
2492 4020 2564 4086 Si

1436 4118 1657 4176 autem
1701 4132 1835 4175 una
1937 4128 2314 4193 ersonarum
2367 4109 2562 4173 inter-

1431 4199 1606 4263 fecta
1622 4194 1838 4279 fuerit,
1853 4218 1892 4259 a
1919 4204 2059 4259 tera
2080 4194 2451 4279 effugiente:
2466 4195 2563 4257 in·

1424 4282 1862 4351 terfectorhoc
1877 4284 2272 4349 met-tertius
2286 4284 2352 4345 in
2371 4300 2562 4345 cruce
