3150 5017
1507 300 1979 366 -128—

580 474 703 561 qui
738 474 953 560 ipsum
1000 474 1265 561 ceperit,
1313 472 1519 555 cedet,
1566 482 1634 538 et
1678 474 1972 559 reliquae
2015 472 2188 537 duae
2235 480 2455 559 partes
2501 492 2798 537 camerae
2837 494 2932 537 no·

574 572 753 627 strae
798 560 1067 639 cedent;
1117 560 1221 625 sin
1266 568 1485 624 autem
1534 581 1933 646 quemquam
1979 559 2320 625 falsarium
2367 560 2686 645 magister
2729 580 2927 623 mone-

547 657 677 714 -tae
752 657 1017 713 nostrae
1084 647 1191 711 vel
1254 647 1358 710 sui
1422 649 1796 733 provisores
1841 649 2150 734 ceperint,
2197 646 2410 711 omnis
2465 649 2612 731 ejus
2678 644 2931 711 facultas

570 732 831 800 mobilis
876 743 943 799 et
986 732 1339 797 immobilis
1382 735 1509 820 ipsi
1554 733 1762 799 cedet.

748 822 845 887 12.
890 820 1055 887 Item
1101 819 1422 901 volumus,
1470 829 1543 884 ut
1588 820 1812 885 nullus
1857 842 1943 885 ex
1991 828 2174 907 parte
2219 828 2444 883 nostra
2485 817 2801 900 affundat,
2823 819 2928 883 nisi

568 907 675 973 Ho
724 954 739 971 .
788 956 802 969 .
851 958 865 972 .
915 955 929 969 .
979 916 1045 972 et
1086 906 1155 971 id
1200 908 1417 993 ipsum
1464 908 1641 993 quod
1686 907 1966 971 affusum
2030 906 2247 989 fuerit,
2297 906 2378 971 de
2423 915 2652 971 nostra
2697 926 2931 970 summa

456 1077 459 1081 A
570 994 763 1060 modo
811 993 1030 1059 debito
1076 992 1506 1059 rescindatur.

742 1080 831 1145 Et
874 1088 947 1144 ut
990 1079 1154 1145 haec
1199 1089 1340 1145 rata
1411 1089 1846 1167 permaneant
1899 1102 1976 1145 ac
2033 1081 2235 1147 robur
2295 1078 2636 1145 obtineant
2703 1076 2938 1145 debitae

569 1168 915 1250 firmitatis,
980 1166 1355 1253 saepedicto
1425 1168 1742 1253 magistro
1803 1176 2104 1234 monetae
2170 1166 2476 1231 dedimus
2549 1174 2936 1253 praesentem

570 1256 897 1340 paginam,
943 1250 1305 1339 sigillorum
1351 1263 1725 1319 nostrorum
1771 1256 2134 1320 munimine
2181 1254 2657 1339 consignatam,
2689 1250 2938 1316 testibus

572 1344 683 1426 qui
730 1340 1005 1405 aderant
1048 1340 1598 1425 subnotatis,lqui
1646 1349 1802 1405 sunt
1848 1388 1864 1405 .
1914 1389 1928 1404 .
1979 1390 1992 1407 .

744 1428 992 1493 Datum
1040 1475 1054 1491 .
1106 1476 1122 1489 .
1167 1475 1183 1489 .

1714 1723 1819 1787 44.

780 1858 1273 1943 Confirmatio
1328 1859 1795 1956 libertatum
1849 1860 2227 1944 ecclesiae
2281 1859 2746 1965 Pragensis.

1685 2016 1873 2083 1253.

745 2176 1015 2227 Excusum
1050 2175 1193 2241 apud
1230 2176 1531 2227 Pontanum
1568 2181 1620 2226 et
1655 2174 1942 2225 Balbinum
1979 2174 2158 2241 (Misc.
2196 2174 2319 2226 hist.
2358 2174 2576 2224 Bohem.
2615 2172 2710 2228 VI.
2752 2174 2850 2238 15).

746 2294 1080 2379 Przemysl
1126 2296 1253 2359 Dei
1300 2296 1511 2381 gratia
1556 2294 1745 2360 heres
1791 2296 1976 2380 regni
2021 2294 2398 2375 Bohemiae,
2447 2294 2586 2359 dux
2623 2292 2934 2371 Ausa-iae,

575 2382 878 2467 dominus
924 2380 1199 2467 Styriae,
1245 2382 1581 2447 Moraviae
1629 2380 1938 2463 marchio,
2001 2383 2083 2447 ad
2131 2383 2226 2448 rei
2285 2378 2668 2445 memoriani
2721 2380 2931 2465 sempi-

575 2481 846 2535 ternam.

748 2556 871 2620 Pro
917 2556 1184 2618 humani
1246 2554 1696 2642 redemptione
1757 2556 2018 2641 generis
2087 2557 2337 2621 aeterni
2403 2555 2578 2641 regis
2637 2554 2813 2624 filius
2865 2550 2934 2614 ab

572 2642 721 2709 altis
783 2641 1258 2729 coelorum4ad
1319 2644 1451 2706 ima
1512 2641 1938 2726 descendens,
2001 2665 2086 2707 ne
2147 2642 2538 2707 sententiam
2603 2648 2935 2727 perpetuae

570 2730 1008 2793 damnationis
1052 2730 1386 2814 exciperet
1428 2729 1642 2809 hom0,
1688 2731 2019 2793 incarnari
2065 2729 2146 2794 de
2193 2729 2446 2815 virgine
2519 2728 2732 2793 voluit
2775 2726 2938 2812 glori-

572 2838 688 2880 osa
732 2824 797 2881 et
840 2838 925 2879 ex
969 2817 1195 2880 innata
1239 2818 1480 2900 pietate
1526 2837 1684 2881 suae
1729 2818 2132 2902 compatiens
2179 2824 2519 2893 creaturae
2586 2836 2789 2900 quam
2849 2833 2931 2876 ce-

571 2904 728 2968 teris
788 2902 1036 2967 fecerat
1095 2901 1493 2985 digniorem,
1572 2904 1785 2967 crucis
1861 2904 2082 2968 subire
2145 2910 2542 2967 tormentum
2603 2910 2670 2967 et
2735 2899 2934 2964 mortis

571 2989 1076 3055 amaritudinem
1123 3010 1256 3052 non
1302 2990 1593 3074 expavit.
1638 2989 1793 3055 Post
1839 3012 2023 3055 suam
2071 2992 2292 3075 itaque
2335 2988 2872 3055 resurrectionem
2907 3006 2938 3046 a

572 3078 843 3141 mortuis
891 3098 1007 3161 per
1051 3073 1367 3139 mundum
1416 3076 1697 3140 instituit
1742 3075 2053 3142 ecclesias
2101 3080 2503 3158 universum,
2567 3074 2810 3161 quibus
2865 3071 2932 3135 ad

572 3162 935 3227 remedium
982 3161 1351 3226 schismatis
1413 3162 1728 3248 praefecit
1786 3185 2008 3239 unum,
2070 3184 2268 3248 super
2326 3184 2520 3247 quem
2585 3160 2937 3227 aedificavit

572 3251 916 3319 ecclesiam
962 3258 1026 3313 et
1068 3250 1285 3335 ipsum
1332 3249 1596 3314 Petrum
1664 3272 1704 3313 a
1749 3260 1934 3335 petra
1978 3251 2362 3330 nominavit,
2411 3248 2576 3313 dans
2621 3249 2684 3314 ei
2725 3250 2794 3311 in
2829 3254 2934 3309 tra·

576 3338 821 3401 ditione
866 3334 1149 3421 clavium
1199 3336 1385 3420 regni
1430 3335 1732 3399 coelestis
1779 3338 1845 3401 in
1894 3338 2152 3421 signum
2195 3336 2566 3400 dilectionis
2613 3332 2926 3421 specialis-

577 3426 779 3488 simae
825 3421 1178 3506 singularis
1227 3421 1551 3507 privilegii
1615 3431 2021 3507 potestatem,
2084 3431 2156 3486 ut
2215 3442 2530 3509 quoscum
2583 3443 2666 3487 ue
2725 3421 2937 3505 ligaret

576 3511 680 3575 vel
730 3512 1013 3573 solveret
1058 3530 1254 3593 super
1298 3518 1558 3588 terram,
1606 3508 1791 3593 ligati
1836 3508 2239 3573 haberentur
2305 3510 2373 3571 in
2434 3530 2552 3573 coe
2582 3509 2636 3573 is
2705 3508 2812 3572 vel
2855 3524 2936 3567 so·

575 3596 731 3681 luti3
778 3598 967 3681 cujus
1014 3596 1209 3658 etiam
1258 3594 1500 3659 dicioni
1544 3594 1874 3680 praefatas
1920 3596 2240 3660 commisit
2287 3594 2600 3659 ecclesias
2647 3594 2939 3659 effusione

578 3685 677 3747 sui
748 3682 1201 3768 pretiosissimi
1270 3682 1648 3767 sanguinis,
1695 3703 1778 3767 pe
1860 3692 2047 3747 etuae
2117 3682 2391 3745 donatas
2458 3679 2766 3747 libertati.
2851 3675 2939 3741 Ad

576 3791 850 3856 quarum
900 3770 1461 3833 conservationem
1510 3778 1694 3831 tanto
1742 3704 1983 3833 dlelbent
2028 3788 2376 3854 regnorum
2425 3778 2711 3835 rectores
2737 3776 2800 3833 et
2830 3776 2939 3829 ter-

575 3878 794 3920 rarum
842 3856 1173 3941 principes
1220 3855 1511 3919 universi
1558 3854 1914 3919 studiosius
1977 3854 2307 3936 anhelare,
2384 3864 2632 3941 quanto
2695 3854 2935 3919 damna-

576 3942 773 4005 bilius
821 3949 917 4005 est
962 3940 1263 4006 coelestis
1308 3943 1481 4025 regis
1526 3941 1804 4025 gratiam
1852 3940 2094 4005 homini
2141 3941 2390 4007 violare
2438 3941 2812 4022 christiane,
2837 3936 2932 4003 tali

576 4030 943 4178 praecipue,
992 4028 1098 4091 cui
1146 4050 1185 4090 a
1231 4027 1375 4092 Deo
1421 4026 1624 4112 gladii
1671 4038 1770 4092 est
1815 4036 2102 4112 potestas
2167 4028 2238 4092 in
2297 4030 2486 4093 terris
2551 4028 2808 4105 collata,
2869 4021 2936 4087 ad

604 4114 839 4178 audem
885 4114 1202 4179 bonorum
1224 4123 1287 4179 et
1336 4135 1790 4200 perversorum
1827 4113 2024 4199 juxta
2071 4135 2335 4178 suorum
2383 4115 2787 4201 exigentium
2834 4131 2935 4175 me-

560 4203 851 4265 ·ritorum
896 4197 1231 4280 ultionem,
1302 4222 1381 4265 ac
1448 4200 1701 4266 ratione
1768 4200 2130 4265 dominicae
2193 4204 2536 4287 potestat-is
2595 4202 2926 4267 humanam

576 4294 883 4352 tenentur
942 4285 1285 4350 audaciam
1348 4307 1668 4352 coercere.
1758 4287 1929 4351 Nam
2003 4289 2123 4351 etsi
2185 4287 2539 4373 cujuslibet
2605 4282 2921 4353 christiani

576 4376 660 4439 sit
702 4372 1007 4453 hominis,
1051 4370 1266 4436 finalis
1312 4371 1486 4435 diem
1522 4374 1758 4457 judicii
1785 4373 2154 4454 formidare,
2200 4377 2557 4461 praecipue
2580 4383 2797 4439 tamen
2820 4391 2914 4458 po·

577 4468 792 4525 *entes
836 4456 1063 4523 terreri
1108 4456 1369 4538 debent,
1415 4479 1562 4521 cum
1611 4458 1758 4544 plus
1802 4460 2104 4543 exigatur
2147 4459 2232 4525 ab
2278 4481 2356 4525 eo
2403 4462 2508 4527 cui
2570 4461 2722 4549 plus
2785 4477 2931 4524 com·
