3150 5017
1494 344 1746 412 -XII
1795 384 1874 394 -

534 542 617 593 96.
654 536 962 592 wenceslai
982 536 1053 591 Π.
1089 536 1144 590 ιιι
1164 536 1501 605 capitaneum
1537 542 1684 627 terra
1714 535 2020 601 Misnensis,
2059 535 2350 593 orientalis
2369 540 2425 594 et
2439 534 2734 593 Plisnensis

655 607 983 661 constitutio.
1024 610 1156 659 1298
1246 642 2727 663 ..................
2765 610 2868 660 260

535 682 618 733 97
656 676 961 730 wenceslai
980 677 1048 729 ΙΙ
1072 676 1138 729 de
1158 676 1386 741 Dresda‚
1394 674 1690 749 Radeberg
1713 675 1957 729 etDonin
1973 676 2310 734 investitura.
2333 681 2484 742 1300,
2503 680 2587 729 19.
2600 676 2733 745 Apr.
2770 680 2867 729 261

535 752 617 801 98.
652 746 929 799 Territorii
966 745 1305 799 Sadoviensis
1342 742 1697 813 recuperatio,
1741 750 1888 808 1800,
1929 751 2011 799 29.
2049 747 2176 800 Jun.
2283 783 2732 801 ......
2770 748 2870 798 262

536 820 617 869 99.
656 816 725 867 W
728 805 959 868 'enceslai
997 815 1066 867 II.
1103 816 1157 867 in
1193 830 1371 881 regem
1408 815 1663 868 Poloniae
1699 817 1925 869 vocatio·
1965 820 2100 867 1300
2199 854 2734 869 .......
2772 818 2871 867 262

504 890 617 940 100.
648 884 941 938 Concessio
980 884 1045 937 de
1082 884 1279 952 Majori
1316 884 1541 937 Polonia
1576 883 1915 952 subjuganda
1935 884 2255 940 Wenceslao
2291 885 2361 937 ΙΙ.
2400 886 2542 940 data.
2582 888 2734 949 1300,

659 958 739 1008 29.
775 954 922 1006 Junii
978 991 2733 1010 .....................
2772 957 2872 1006 263

504 1028 619 1077 101.
657 1023 841 1077 Novae
876 1031 1121 1076 monetae
1158 1039 1257 1090 per
1292 1023 1668 1076 Wenceslaum
1705 1026 1775 1077 11.
1811 1024 2096 1077 institutio,
2138 1028 2271 1075 1300
2373 1061 2732 1079 .....
2769 1026 2868 1075 261

506 1099 620 1148 102.
656 1093 757 1145 Jus
806 1092 987 1159 regale
1034 1100 1408 1146 montanorum
1456 1092 1902 1160 (Constitutiones
1941 1094 2083 1163 juris
2131 1093 2425 1161 metallici).
2463 1124 2524 1133 —
2561 1092 2736 1147 Pravo

656 1162 947 1217 kralovske
982 1162 1240 1216 hornicie.
1283 1165 1414 1213 1300
1503 1201 2556 1217 .............
2581 1192 2588 1201 ·
2629 1202 2644 1219 .
2719 1201 2732 1214 .
2770 1164 2870 1214 265
2939 1174 2948 1187 ·

657 1232 995 1285 Prooemium
1067 1269 2732 1286 ....................
2769 1235 2870 1283 266

656 1301 819 1354 Liber
842 1302 1064 1370 primus.
1101 1331 1163 1342 -—
1193 1300 1319 1368 Cap.
1358 1300 1399 1351 I.
1440 1330 1501 1341 -
1526 1298 1598 1352 ΙΙ.
1621 1300 1703 1353 ΒΘ
1737 1304 1984 1368 personis
2016 1302 2072 1354 in
2108 1301 2516 1367 argentifodinis
2531 1315 2735 1369 oppor-
2772 1303 2872 1353 268

656 1370 817 1424 tuuis.
854 1371 950 1422 III.
988 1370 1068 1423 De
1106 1371 1401 1423 urburariis
1438 1376 1492 1421 et
1528 1370 1783 1436 regimine
1827 1371 2068 1440 ipsorum
2113 1370 2205 1422 IV.
2243 1370 2326 1424 De
2362 1370 2540 1425 officio
2575 1369 2738 1424 urbu-

656 1440 890 1493 ariorum
942 1439 1004 1491 V.
1062 1439 1143 1492 De
1203 1438 1582 1507 jurisdictione
1630 1440 2030 1493 urburariorum
2083 1439 2177 1492 VI.
2227 1440 2309 1493 De
2369 1439 2546 1493 officio
2586 1440 2734 1505 jura-

660 1516 837 1563 torum
892 1508 1010 1561 VII.
1048 1508 1129 1562 De
1178 1508 1353 1561 officio
1392 1514 1447 1561 et
1492 1508 1869 1574 jurisdictione
1913 1510 2116 1577 jndicis
2161 1510 2434 1563 montani..
2473 1508 2620 1561 VIII.
2656 1508 2738 1560 De

660 1578 930 1646 magistris
966 1579 1242 1632 montium.
1276 1578 1373 1629 IX.
1411 1577 1492 1629 De
1520 1578 1873 1646 scriptoribus
1903 1580 2134 1633 urburae
2162 1580 2229 1631 X.
2264 1578 2346 1631 De
2384 1578 2562 1632 officio
2587 1592 2737 1631 scan-

657 1648 837 1701 so'rum
870 1648 964 1700 XI.
1002 1647 1083 1700 De
1120 1647 1296 1702 officio
1332 1660 1636 1699 mensorum
1674 1648 1796 1699 XII.
1832 1647 1915 1701 De
1951 1648 2306 1716 carpentariis
2342 1648 2492 1701 XIII.
2529 1647 2612 1699 ΒΘ
2649 1662 2738 1700 cu-

660 1717 906 1771 stodibus
944 1716 1088 1769 XIV.
1124 1716 1207 1770 De
1244 1716 1463 1770 colonis.
1514 1716 1632 1769 XV.
1671 1716 1753 1770 De
1827 1718 2227 1771 rocuratoribus
2274 1717 2418 1770 XVI.
2455 1716 2538 1770 De
2573 1716 2739 1770 fabris

658 1786 831 1841 XVII.
879 1786 962 1841 De
1009 1787 1214 1839 metalli
1261 1786 1596 1839 divisoribus.
1659 1786 1788 1840 XVI
1819 1787 1861 1839 Ι.
1922 1787 2004 1840 ΒΘ
2053 1787 2334 1854 bulgarum
2385 1784 2738 1839 refectoribus
2817 1794 2824 1805 ·

658 1856 807 1910 XIX.
844 1856 925 1909 De
962 1855 1215 1909 horarum
1264 1856 1779 1923 pronuntiatoribus.
1815 1856 1934 1909 XX.
1971 1856 2054 1909 ΒΘ
2089 1856 2296 1910 metalli
2339 1854 2740 1925 separatoribus

654 1925 803 1978 XXI.
841 1925 922 1979 De
950 1926 1241 1994 juvenibus
1280 1924 1453 1977 XXII.
1490 1924 1572 1977 De
1609 1925 1812 1979 metalli
1849 1924 2198 1995 emptoribus„

655 1995 819 2048 Liber
842 1994 1125 2048 secundus.
1164 1994 1206 2047 Ι.
1242 1994 1323 2047 ΒΘ
1352 1995 1477 2062 Jure
1503 1992 2032 2061 argentifodinarum.
2071 1995 2140 2047 II.
2177 1994 2260 2047 De
2295 1995 2553 2048 montium
2589 2007 2736 2046 men·
2773 1992 2876 2045 318

660 2066 951 2118 suratione.
1010 2064 1106 2117 III.
1155 2064 1237 2116 ΒΘ
1277 2066 1402 2131 J‘ure
1450 2070 1825 2117 montanorum
1873 2066 2198 2145 competenti
2245 2066 2300 2117 in
2346 2062 2742 2117 hereditatibus

658 2134 1010 2198 dominorum,
1046 2134 1100 2186 in
1138 2134 1332 2201 quibus
1356 2140 1565 2186 montes
1593 2133 1792 2187 fuerint
1816 2135 2125 2189 mensurati.
2161 2134 2254 2187 IV.
2291 2133 2376 2186 De
2396 2131 2737 2187 stollonibus.

558 2268 565 2275 .
656 2203 721 2256 V.
760 2203 842 2256 De
880 2173 1203 2256 stolionibiis
1242 2204 1606 2270 quarentibus

656 2272 820 2326 Liber
855 2273 1064 2327 tertius.
1103 2272 1144 2323 Ι.
1180 2271 1263 2325 ΒΘ
1300 2272 1751 2326 concessionibus.
1789 2273 1859 2325 ΙΙ.
1897 2272 1978 2325 ΒΘ
2015 2272 2467 2326 conditionalibus
2518 2284 2734 2325 conces·
2774 2273 2875 2323 346

656 2342 896 2396 sionibus
934 2342 1029 2393 III.
1068 2341 1150 2394 ΒΘ
1186 2342 1622 2395 concessionibus
1659 2341 1729 2395 ad
1765 2350 1968 2396 certum
2005 2350 2220 2411 tempus
2268 2341 2361 2394 IV.
2398 2340 2482 2395 De
2519 2355 2732 2393 conces-

660 2411 899 2465 sionibus
924 2411 1340 2478 particularibus
1377 2410 1440 2464 V.
1478 2410 1559 2463 De
1598 2412 2032 2465 concessionibus
2067 2428 2166 2479 per
2189 2412 2504 2478 magistrum
2541 2409 2733 2463 montis

662 2480 819 2535 factis
856 2481 971 2534 sine
1008 2481 1145 2534 scitu
1172 2481 1499 2533 colonorum.
1540 2480 1631 2533 V.I
1659 2481 1740 2532 De
1767 2482 2037 2549 emptione
2065 2489 2120 2534 et
2142 2480 2464 2535 venditione.
2500 2479 2618 2532 VII.
2651 2478 2732 2531 De

661 2550 1041 2670 donationibus
1067 2549 1211 2602 V.III
1237 2549 1317 2601 De
1348 2551 1473 2615 jure
1497 2564 1652 2603 cesso
1689 2550 1782 2603 IX.
1819 2550 1938 2603 ΒΘ
1914 2567 2040 2618 Jure
2063 2549 2346 2614 retinendi,
2380 2546 2734 2618 recuperandi

662 2628 718 2672 et
752 2634 989 2672 minuent
1008 2636 1024 2669 1

661 2689 824 2741 Liber
858 2694 1102 2756 quartus.
1140 2688 1184 2740 I.
1220 2686 1303 2740 ΒΘ
1325 2688 1510 2741 ordine
1536 2686 1826 2753 Judiciario
1862 2692 1931 2741 ΙΙ.
1979 2688 2061 2742 ΒΘ
2080 2688 2425 2743 citationibus
2460 2690 2558 2740 111.
2595 2687 2734 2753 Quo·
2773 2688 2874 2739 376

667 2758 827 2812 modo
862 2764 1013 2810 actor
1048 2764 1102 2810 et
1136 2772 1261 2810 reus
1296 2757 1349 2809 in
1376 2757 1587 2826 judicio
1610 2773 1922 2825 comparere
1957 2759 2190 2813 debeant
2223 2765 2280 2813 et
2313 2773 2371 2813 se
2406 2758 2604 2811 habere
2644 2758 2737 2809 IV.

664 2828 746 2881 De
774 2827 997 2895 Judiciis
1034 2828 1097 2879 V.
1134 2826 1217 2881 De
1244 2826 1451 2895 judicio
1489 2826 1920 2880 extraordinario
1956 2831 2046 2879 VI.
2084 2827 2167 2881 ΒΘ
2201 2827 2553 2896 petitionibus
2593 2830 2734 2879 acto-

662 2914 781 2950 rum
830 2901 950 2951 VII.
987 2896 1070 2951 De
1116 2912 1329 2949 reorum
1378 2896 1780 2949 defensionibus
1841 2898 1988 2949 VIII.
2048 2896 2130 2949 De
2176 2898 2288 2951 litis
2335 2895 2740 2951 contestatione.
2791 2944 2798 2951 .

660 2970 756 3019 IX.
805 2967 886 3019 ΒΘ
915 2966 1239 3034 juramentis
1288 2966 1647 3033 calumpniae.
1691 2968 1754 3019 X.
1793 2966 1875 3019 De
1913 2967 2174 3021 confessis
2211 2970 2304 3020 XI.
2353 2965 2435 3019 De
2469 2964 2740 3035 probatio—

662 3037 820 3089 nibus
868 3039 990 3088 XII.
1026 3036 1109 3087 De
1159 3035 1388 3088 testibus
1426 3038 1576 3087 XI11.
1626 3035 1707 3087 De
1745 3036 1974 3089 testibus
2023 3036 2276 3103 cogendis
2312 3038 2454 3089 XIV.
2507 3033 2590 3087 De
2628 3032 2737 3087 fide

663 3106 1141 3159 instrumentorum
1201 3104 1319 3157 XV.
1367 3104 1449 3157 De
1516 3104 1812 3171 privilegiis
1871 3106 2016 3159 XVI.
2074 3104 2158 3158 De
2214 3103 2742 3173 praesumptionibus

664 3176 835 3227 XVII.
870 3174 951 3228 De
981 3175 1123 3242 jureJ
1114 3174 1336 3227 urando
1364 3173 1680 3227 XV111.De
1707 3175 1986 3228 sententiis
2014 3182 2068 3227 et
2087 3189 2146 3227 re
2175 3174 2436 3242 judicata
2473 3173 2622 3227 XIX.
2655 3171 2740 3225 De

665 3244 929 3297 fructibus
966 3250 1021 3296 et
1056 3243 1169 3296 litis
1202 3244 1455 3311 expensis
1492 3243 1614 3295 XX.
1650 3242 1732 3295 De
1769 3243 2240 3312 appellationibus,

511 3316 627 3367 103.
663 3313 862 3367 Terrae
896 3313 1153 3366 Lusatiae
1188 3328 1287 3381 per
1320 3312 1712 3369 Theodoricum
1749 3313 2112 3367 marchionem
2148 3313 2554 3382 archiepiscopo
2590 3310 2741 3379 Mag-

667 3382 988 3449 deburgensi
1024 3382 1261 3435 venditio
1302 3386 1430 3433 1301
1518 3418 2744 3436 ...............
2780 3383 2883 3433 436

512 3454 627 3505 104.
662 3452 985 3517 wenceslai,
1023 3451 1138 3504 filii.
1174 3451 1483 3505 Wenceslai
1516 3454 1604 3515 11.‚
1639 3452 1696 3505 in
1731 3466 1912 3519 regem
1953 3452 2220 3520 Ungariae
2256 3451 2482 3507 vocatio.
2523 3454 2651 3502 1301
2729 3449 2883 3503 .44o

513 3524 630 3575 105.
664 3521 880 3575 Foedus
913 3492 1077 3574 in'ter
1090 3520 1469 3574 Wenceslaum
1522 3525 1591 3573 ΙΙ.
1629 3529 1685 3575 et
1718 3536 1899 3588 regem
1935 3522 2194 3577 Franciae
2240 3528 2429 3578 contra
2463 3520 2745 3573 Albertum

667 3606 845 3657 regem
882 3590 1244 3644 Romanorum
1284 3595 1416 3642 1303
1515 3626 2744 3645 ...............
2780 3588 2874 3641 441

513 3663 628 3714 106.
666 3659 881 3715 Statuta
914 3660 1190 3741 hospitum
1224 3664 1583 3713 mercatorum
1619 3659 1846 3727 Pragam
1882 3660 2344 3729 frequentantium
2381 3662 2534 3711 1304.

514 3733 628 3783 107.
668 3730 959 3783 Conventio
1007 3729 1148 3782 inter
1182 3729 1463 3783 Albertum
1510 3744 1693 3797 regem
1729 3729 2090 3785 Romanorum
2127 3738 2183 3784 et
2231 3728 2610 3784 wenceslaum
2645 3730 2748 3781 111.
2780 3796 2884 3847 444

671 3803 821 3853 1305.
864 3802 941 3852 18.
980 3801 1105 3866 Aug
1108 3833 2742 3855 ....................

513 3870 632 3924 108.
669 3867 947 3923 Generalis
983 3867 1315 3923 confirmatio
1350 3867 1752 3938 privilegiorum
1785 3869 1936 3936 regni
1971 3869 2261 3925 Bohemiae
2299 3871 2451 3928 1305.
2486 3871 2570 3923 20.
2607 3866 2746 3935 Aug.
2783 3867 2886 3916 446

492 4042 661 4102 ‚Ordo
702 4042 898 4099 ducum
934 4040 1096 4113 atque
1130 4058 1317 4123 regum
1354 4041 1646 4098 Bohemiae
1697 4083 1709 4097 .
1783 4084 1798 4101 .
1847 4044 1886 4096 ’.
1961 4082 1974 4095 .
2025 4044 2031 4051 “
2046 4078 2752 4098 .........
2841 4040 2886 4092 1.

511 4112 693 4167 Duces
728 4112 1074 4168 Moravorum
1172 4146 2747 4167 ...................
2841 4112 2888 4163 Ι.

516 4180 695 4305 {ea-{333
722 4198 1108 4305 ltciprislcxpporum
1145 4184 1198 4251 a)
1237 4181 1678 4249 Moraviensium,
1715 4183 1770 4251 b)
1807 4182 2176 4295 Pragensium,
2229 4184 2279 4251 c)
2321 4178 2752 4238 olomucensium
2763 4180 2890 4301 ἐζ

512 4319 684 4376 Index
718 4321 958 4376 locorum
996 4292 1009 4307 ο
1338 4289 1354 4373 .”
1423 4286 2741 4377 ...............................
2763 4316 2887 4372 vu.

1289 4459 2091 4513 w·-

3087 4794 3127 4985 ,i
