3150 5017
1478 297 1955 372 -158--.

527 497 690 544 vero
736 471 975 563 aliquis
1022 471 1095 542 in
1137 476 1527 542 temeritatis
1573 493 2007 562 prorumpens
2052 473 2395 540 audaciam
2444 469 2696 560 aliquid
2729 469 2874 538 ultra

529 565 872 651 pabulum,
919 566 1098 649 quod
1143 562 1270 628 sibi
1315 583 1436 649 pro
1481 564 1667 648 equis
1712 561 1918 628 libere
1976 562 2271 647 recipere
2332 570 2433 626 est
2490 561 2873 644 permissum,

528 651 787 718 auferre
848 650 1342 735 attemptaverit
1406 648 1607 714 alicui
1674 657 1740 714 et
1813 647 1981 714 illud
2062 647 2241 734 quod
2322 646 2644 712 violenter
2725 665 2873 712 acce·

528 739 648 823 pit,
689 737 1142 804 aestimatione
1209 736 1607 821 competenti
1674 732 1901 800 habita
1962 733 2051 798 ad
2115 731 2185 800 X
2242 755 2609 801 marcarum
2654 734 2879 818 argenti

530 845 852 888 summam
927 844 996 888 se
1061 822 1130 885 in
1197 829 1453 886 tantum
1518 820 1834 886 extendet
1911 820 2019 886 vel
2084 821 2261 884 circa
2322 822 2532 906 ipsius
2612 839 2879 884 summae

529 909 772 976 resedit
827 913 1260 995 quantitatem
1281 955 1299 990 ,
1383 916 1450 974 et
1509 916 1669 972 tunc
1744 904 1861 972 ille
1942 907 2049 970 cui
2128 906 2253 972 hoc
2339 906 2633 972 ablatum
2694 905 2879 986 fuerit,

533 995 621 1060 ad
665 995 1056 1060 vicioniores
1079 993 1205 1060 sibi
1233 993 1690 1060 beneficiarios
1738 1001 1803 1058 et
1836 993 2105 1076 judices
2147 1013 2265 1079 pro
2311 991 2771 1078 consequenda
2798 993 2879 1076 ju-

533 1083 715 1148 stitia
760 1081 842 1146 de
887 1080 1071 1146 illata
1115 1079 1242 1148 sibi
1301 1079 1620 1146 violentia
1680 1078 1777 1144 ire
1836 1077 2032 1144 debet
2090 1087 2157 1144 et
2217 1100 2435 1144 coram
2496 1081 2661 1164 ipsis
2722 1078 2883 1142 illum

529 1169 644 1254 qui
690 1167 816 1233 sibi
862 1166 1243 1234 violentiam
1290 1165 1607 1240 intulerit,
1655 1167 2031 1242 convenire.
2096 1169 2157 1247 ξ.
2206 1166 2267 1230 3.
2312 1165 2731 1230 Beneficiarii
2788 1185 2884 1227 au·

530 1265 666 1320 tem
709 1275 912 1320 causa
955 1253 1062 1318 vel
1108 1254 1476 1318 intentione
1525 1251 1706 1317 illius
1768 1253 1881 1338 qni
1938 1273 2173 1336 passus
2219 1260 2319 1316 est
2362 1251 2768 1333 violentiam,
2806 1251 2885 1314 in-

532 1337 816 1422 tellecta,
862 1360 1010 1404 eum
1058 1341 1170 1424 qui
1215 1339 1376 1404 talia
1419 1340 1866 1423 praesumpsit
1925 1337 2160 1414 facere,
2220 1347 2288 1402 et
2355 1336 2437 1403 de
2494 1360 2623 1425 quo
2686 1357 2887 1423 passus

533 1425 914 1492 violentiam
960 1427 1168 1510 exigit
1211 1426 1338 1490 sibi
1382 1425 1523 1490 fieri
1583 1427 1927 1504 rationem,
1988 1446 2121 1488 uno
2183 1423 2397 1489 edicto
2456 1421 2887 1490 tantummodo

535 1535 656 1600 pro
701 1511 1010 1578 omnibus
1052 1513 1490 1597 peremptorie
1534 1512 1727 1576 citari
1769 1509 2037 1590 faciant,
2080 1518 2155 1574 ut
2198 1531 2419 1574 coram
2478 1513 2571 1576 eis
2615 1511 2889 1576 facturus

533 1601 856 1664 rationem
917 1598 1000 1662 de
1045 1597 1172 1662 hiis
1232 1617 1432 1683 super
1489 1597 1727 1683 quibus
1786 1596 2167 1682 impellitur,
2230 1595 2468 1662 debeat
2512 1616 2890 1683 comparere.

537 1690 599 1766 ξ.
643 1685 705 1748 4.
752 1685 885 1764 Qui
931 1683 1254 1770 siquidem
1301 1692 1683 1765 conventus,
1731 1683 1785 1746 si
1832 1705 1899 1746 se
1961 1705 2040 1748 ac
2100 1703 2251 1746 suos
2320 1682 2617 1748 homines
2688 1703 2889 1748 coram

540 1771 790 1836 eisdem
837 1769 1276 1834 beneficiariis
1321 1770 1791 1855 expurgaverit
1830 1790 1949 1854 per
1991 1769 2329 1855 proprium
2349 1769 2800 1854 juramentum
2822 1767 2893 1832 ab

543 1855 956 1940 impetitione
1000 1854 1395 1941 hujusmodi,
1442 1855 1861 1934 absolvatur;
1907 1877 2136 1920 verum
2200 1857 2255 1920 si
2296 1855 2695 1935 probabitur,
2742 1853 2893 1942 quod

547 1951 1030 2006 sacramentum
1077 1941 1162 2006 ab
1208 1943 1352 2028 ipso
1396 1963 1510 2008 reo
1554 1943 1937 2026 praestitum
1988 1940 2225 2005 falsum
2274 1943 2491 2024 fuerit,
2532 1951 2699 2008 tunc
2730 1942 2894 2006 nobis

536 2028 1028 2114 adjudicabitur
1072 2037 1138 2092 et
1181 2028 1378 2092 rebus
1423 2027 1974 2093 condemnabitur
2018 2037 2082 2094 et
2124 2049 2422 2112 persona.
2470 2033 2527 2109 ἓ.
2574 2029 2637 2094 5.
2686 2029 2757 2094 Si
2800 2049 2894 2092 au·

535 2124 668 2180 tem
710 2136 862 2180 reus
905 2113 1014 2180 vel
1059 2125 1406 2180 accusatus
1449 2113 1535 2178 ad
1577 2111 2083 2199 expurgandum
2128 2135 2199 2178 se
2245 2113 2350 2178 vel
2398 2136 2551 2179 suos
2611 2115 2894 2180 homines

535 2209 872 2288 praestare
917 2199 1204 2265 noluerit
1245 2209 1751 2280 sacramentum,
1800 2202 2009 2266 actori
2052 2198 2644 2284 condempnabitur
2688 2201 2779 2266 ad
2818 2203 2898 2264 in·
3070 2165 3073 2250 l

537 2287 852 2372 tegralem
895 2286 1372 2351 restitutionem
1417 2307 1643 2351 eorum
1692 2287 2007 2367 omnium,
2066 2307 2187 2370 pro
2248 2285 2487 2372 quibus
2551 2295 2898 2352 conventus
3072 2269 3075 2356 l

540 2373 740 2438 fuerit
781 2372 868 2436 ab
913 2380 1154 2436 actore.
1217 2377 1278 2456 ξ.
1324 2373 1381 2437 6.
1430 2373 1782 2437 Praeterea
1823 2381 2046 2438 tamen
2091 2369 2267 2436 idem
2313 2372 2525 2438 solvet
2582 2375 2753 2458 ipsis
2803 2373 2898 2438 be·
3074 2373 3077 2460 l

541 2459 896 2523 neficiariis
941 2477 1058 2543 pro
1105 2459 1354 2524 offensa
1415 2469 1480 2524 et
1522 2457 1951 2524 nihilominus
2010 2467 2309 2524 nostrum
2367 2458 2641 2524 intrabit
2700 2479 2901 2525 carce-
3076 2479 3079 2570 ι

539 2566 700 2625 rem,
743 2545 814 2607 in
859 2565 1270 2630 quocumque
1315 2544 1461 2610 loco
1507 2544 1633 2611 sibi
1679 2544 2233 2631 deputaverimus,
2280 2544 2523 2610 ibidem
2588 2567 2707 2631 per
2770 2554 2899 2610 octo

543 2632 1052 2716 septimanarum
1099 2632 1380 2716 spatium
1430 2630 1837 2697 detinendus.
1906 2635 1969 2713 ξ.
2032 2632 2096 2695 7.
2155 2629 2289 2696 Sed
2334 2632 2390 2694 si
2435 2653 2601 2716 quae
2646 2641 2899 2717 recepta

543 2717 830 2791 fuerunt,
889 2735 960 2780 se
1019 2715 1190 2784 ultra
1249 2717 1316 2781 X
1376 2739 1747 2784 marcarum
1807 2718 2241 2802 quantitatem
2303 2717 2690 2799 extendunt,
2760 2728 2903 2784 tunc

542 2825 694 2868 reus
738 2801 826 2866 ad
869 2804 1309 2886 praesentiam
1355 2803 1922 2869 beneficiariorum
1968 2803 2399 2888 Pragensium
2448 2825 2577 2870 uno
2624 2813 2902 2870 tantum-

543 2890 737 2955 modo
783 2888 992 2953 edicto
1037 2911 1155 2976 pro
1215 2888 1520 2954 omnibus
1581 2887 1890 2956 citabitur
1954 2893 2391 2975 peremptorie
2456 2911 2905 2976 responsurus,

542 2983 608 3042 et
655 2976 736 3040 de
779 2977 924 3061 ipso
972 2974 1171 3041 simili
1217 2975 1410 3040 modo
1455 2977 1568 3040 fiet
1607 2975 1932 3062 judicium
1979 2985 2045 3040 et
2067 2977 2362 3042 vindicta
2386 2987 2696 3061 sumetur,
2723 2984 2907 3064 prout

546 3064 850 3149 superius
896 3069 998 3126 est
1039 3083 1445 3147 expressum.

717 3147 839 3218 ΙΙΙ.
883 3147 990 3210 De
1021 3150 1395 3234 proscriptis
1440 3168 1596 3213 vero
1644 3149 2109 3214 sententiatum
2154 3157 2255 3214 est
2297 3148 2515 3216 taliter
2572 3157 2639 3215 et
2700 3149 2913 3214 decre-

545 3244 720 3299 tum:
748 3238 807 3316 ξ.
860 3233 1126 3313 Lquod
1170 3237 1568 3320 quicumque
1612 3236 1755 3300 sive
1798 3233 1957 3299 baro
1974 3237 2117 3300 sive
2161 3234 2349 3300 miles
2372 3240 2511 3300 sive
2528 3236 2915 3321 qualiscum-

545 3343 694 3406 que,
740 3323 1176 3407 proscriptum
1221 3320 1507 3405 aliquem
1569 3321 2024 3406 receptaverit‚
2084 3320 2342 3402 foverit,
2406 3324 2549 3388 sive
2607 3323 2919 3386 victualia

548 3408 610 3472 ei
655 3407 1144 3488 ministraverit,
1189 3428 1412 3472 secum
1458 3408 1869 3492 equitaverit,
1929 3406 2037 3472 vel
2098 3407 2397 3474 homines
2453 3429 2606 3474 suos
2653 3409 2918 3485 miserit,

548 3502 662 3556 aut
682 3494 753 3556 in
776 3491 996 3577 aliquo
1022 3494 1239 3576 ipsum
1286 3495 1709 3578 promoverit,
1760 3492 1883 3579 (et)
1933 3492 2016 3558 de
2060 3494 2271 3579 ipsius
2314 3497 2785 3580 receptatione,
2832 3495 2917 3558 fo-

547 3587 770 3643 mento
817 3598 933 3642 seu
976 3578 1363 3644 victualium
1408 3580 1911 3662 ministratione,
1958 3581 2361 3666 equitatione
2422 3591 2623 3666 atque
2668 3600 2919 3668 promo·

544 3668 744 3748 tione,
803 3663 1140 3745 baronem,
1199 3664 1472 3730 militem
1535 3665 1641 3730 vel
1708 3664 1911 3730 alium
1973 3668 2519 3752 qualemcumque
2582 3668 2917 3734 civitatum

543 3752 850 3818 consules
892 3749 1260 3836 profitendo
1308 3751 1867 3817 criminabuntur:
1912 3750 2027 3818 ille
2066 3754 2171 3818 cui
2212 3756 2573 3837 praemissa
2594 3753 2703 3820 vel
2727 3774 2915 3839 prae-

546 3840 892 3904 missorum
938 3836 1210 3922 aliquod
1253 3846 1643 3924 opponetur,
1690 3859 1807 3922 per
1853 3838 2193 3906 civitatum
2240 3839 2545 3906 consules
2568 3849 2642 3904 ut
2664 3849 2767 3905 est
2792 3840 2920 3904 dic·

548 3931 709 4004 tum,
765 3924 957 3988 nobis
1012 3923 1355 3988 addicetur
1421 3923 1528 3988 vel
1590 3923 2083 4008 adjudicabitur
2140 3926 2210 3988 in
2271 3947 2555 4012 persona
2614 3936 2685 3991 et
2724 3925 2921 3992 rebus

548 4010 684 4072 suis
729 4008 1051 4090 omnibus,
1098 4019 1170 4074 ut
1215 4007 1296 4077 de
1341 4011 1486 4094 ipso
1532 4031 1613 4075 ac
1657 4009 1738 4075 de
1783 4009 1975 4076 bonis
2022 4009 2325 4078 omnibus
2384 4012 2593 4097 ipsius
2639 4033 2759 4098 pro
2808 4032 2922 4078 no-

549 4103 722 4162 strae
766 4095 1089 4160 faciamus
1128 4094 1406 4168 ‚arbitrio
1456 4095 1837 4162 voluntatis.

722 4179 838 4246 IV.
884 4181 1229 4248 Praeterea
1294 4204 1498 4269 quum
1559 4204 1693 4246 non
1752 4181 2012 4247 videtur
2070 4204 2217 4248 esse
2276 4184 2611 4250 sufficiens
2672 4184 2918 4248 solum-

550 4265 766 4348 mod0,
811 4288 980 4351 quae
1022 4267 1243 4355 aliquo
1290 4277 1644 4336 causentur
1689 4289 1773 4334 ex
1820 4268 2087 4345 scelere,
2132 4268 2319 4336 obice
2366 4270 2661 4338 cautelae
2706 4291 2917 4338 reme-
