3150 5017
1215 248 1742 314 .-.-39-

325 417 470 486 (vide
507 435 562 500 n:
597 417 722 502 βα).
748 421 804 469 et
837 415 1110 482 complura
1145 415 1260 500 alia
1285 417 1412 482 jura
1447 417 1725 502 concessit.
1761 417 1881 502 liae
1915 416 2101 470 literae
2136 432 2232 483 per
2266 433 2329 470 se
2353 420 2710 502 ‚gravissimae

319 489 462 538 inter
477 485 762 553 privilegia
778 490 952 536 terrae
969 485 1420 550 custodiebantur,
1459 489 1621 552 atque
1635 485 1760 537 illae
1772 488 1939 553 erant,
1956 501 2179 554 quarum
2200 489 2517 538 auctoritate
2539 495 2710 555 poste-

319 557 552 607 rioribus
585 555 912 620 temporibus
947 555 1101 620 regni
1146 555 1456 606 immunitas
1501 553 1827 620 libertasque
1879 571 2257 621 saepenumero
2305 556 2699 612 defendebatur.

210 644 220 649 -
326 624 398 675 In
445 625 622 675 indice
666 622 1066 690 privilegiorum
1117 628 1288 676 terrae
1321 625 1379 673 in
1415 637 1537 674 arce
1569 623 1843 674 Karistein
1876 625 2226 690 repositorum
2258 627 2489 690 primum
2526 625 2706 676 lecum

318 698 510 746 tenent
543 692 642 744 sub
677 693 1038 758 inscriptione.
1078 692 1196 754 „Na
1231 689 1464 756 svobody
1498 692 1647 745 seme
1660 691 1819 746 ceske
1853 694 2165 760 privilegia“
2208 694 2530 762 (privilegia,
2568 707 2707 758 quae

325 761 604 814 libertates
638 765 812 814 terrae
845 761 1097 812 Boemiae
1132 763 1422 827 respiciunt
1453 797 1466 810 .

530 831 746 880 Literae
779 829 1144 896 autographae
1178 845 1241 880 ex
1278 845 1399 880 arce
1473 827 1693 880 arlstein
1726 829 1785 878 in
1818 829 2145 880 tabularium
2180 845 2227 880 c.
2246 846 2289 882 r.
2310 829 2548 882 aulicum
2572 829 2703 882 Vin·

321 899 588 952 dobonam
619 901 748 950 sunt
780 899 1090 961 translatae,
1124 900 1214 950 ubi
1251 899 1320 966 ad
1355 898 1496 950 hunc
1531 910 1703 964 usque
1737 898 1877 950 diem
1890 905 2247 954 asservantur.
2317 900 2485 950 Totae
2518 904 2703 950 autem

319 973 566 1034 receptae
600 972 724 1020 sunt
757 967 816 1020 iu
851 967 1088 1034 diploma
1124 967 1302 1020 Caroli
1335 968 1431 1019 IV.
1465 967 1818 1036 imperatoris,
1849 967 2033 1018 datum
2070 968 2175 1018 VII
2206 967 2255 1022 d.
2306 967 2505 1034 Aprilis
2551 970 2703 1022 1348.

493 1067 886 1134 Fredericus
933 1067 1160 1134 divina
1201 1067 1468 1132 favente
1491 1066 1845 1132 clementia
1876 1067 2321 1134 Romanorum
2351 1067 2705 1152 imperator

324 1150 576 1220 electus
635 1163 704 1218 et
761 1174 1019 1239 semper
1069 1161 1424 1238 augustus,
1471 1173 1593 1220 rex
1636 1151 1925 1236 Siciliae,
1970 1153 2245 1222 ducatus
2290 1153 2573 1240 Apuliae
2638 1161 2709 1220 et

319 1240 734 1325 principatus
781 1237 1072 1325 Capuae.

497 1323 668 1390 Cum
711 1323 907 1390 decor
951 1332 1017 1390 et
1059 1331 1346 1410 potestas
1367 1323 1641 1410 Imperii
1658 1331 1957 1390 nostrum
1982 1325 2412 1410 praecesserit
2438 1332 2701 1406 statum,

320 1419 398 1476 ut
441 1432 576 1476 non
643 1410 856 1477 solum
921 1419 1288 1478 ceterorum
1343 1411 1719 1496 principum
1778 1409 2165 1496 dignitates,
2226 1430 2457 1474 verum
2506 1411 2703 1488 etiam

317 1505 584 1582 sceptra
621 1496 873 1582 regalia
915 1519 956 1562 a
999 1505 1222 1562 nostra
1267 1496 1690 1561 conferantur
1710 1495 2077 1582 Majestate‚
2122 1493 2477 1580 gloriosum
2509 1517 2701 1580 repue

320 1591 544 1648 tamus
589 1591 655 1648 et
697 1581 1140 1668 magnificum,
1185 1581 1360 1668 quod
1405 1583 1474 1647 in
1521 1590 1705 1646 tanto
1729 1591 1991 1646 nostrae
2021 1581 2341 1666 largitatis
2378 1579 2703 1649 beneficio

321 1676 392 1733 et
436 1667 607 1740 aliis.
631 1669 870 1736 crescit
908 1668 1130 1753 regiae
1173 1668 1510 1754 dignitatis
1557 1675 1986 1752 augmentum
2008 1715 2025 1748 ‚
2071 1689 2197 1732 nec
2241 1666 2323 1732 ob
2367 1666 2493 1731 hoc
2538 1668 2698 1731 emi-

317 1754 552 1820 nentia
591 1763 818 1820 nostra
857 1753 946 1820 ali
998 1754 1128 1819 uod
1168 1759 1414 1840 patitur
1459 1752 1943 1820 detrimentum.
1990 1752 2157 1818 Inde
2204 1760 2320 1834 est,
2366 1753 2545 1838 quod
2578 1775 2699 1818 nos

318 1841 738 1906 attendentes
780 1850 978 1926 praec
1003 1862 1122 1905 ara
1141 1841 1510 1904 devotionis
1535 1837 1869 1926 obsequia,
1946 1860 2071 1904 uae
2088 1840 2399 1904 universa
2419 1839 2696 1906 Boemo-

317 1947 468 1990 rum
514 1945 678 2010 gens
721 1925 806 1990 ab
852 1927 1124 2012 antiquo
1166 1934 1460 2010 tempore
1505 1925 1803 1990 Romano
1848 1947 1935 1990 ex
1980 1924 2149 1991 ibuit
2193 1925 2470 2010 imperio
2496 1972 2514 2004 ‚
2561 1933 2699 1990 tam

323 2010 614 2078 fideliter
657 2032 856 2111 quam
901 2009 1154 2094 devote,
1201 2021 1267 2094 et
1309 2009 1488 2098 quod
1539 2009 1814 2076 illustris
1858 2032 1977 2075 rex
2022 2031 2249 2074 eorum
2297 2009 2697 2076 Ottacharus

330 2119 376 2160 a
422 2099 634 2183 primo
677 2106 850 2164 inter
891 2098 1056 2163 alios
1097 2097 1428 2184 principes
1475 2095 1847 2182 specialiter
1890 2117 2045 2181 prae
2091 2095 2329 2162 ceteris
2372 2095 2443 2159 in
2488 2097 2691 2180 impe·

317 2193 607 2252 retorem
651 2204 774 2250 nos
818 2181 1052 2268 elegit,
1107 2193 1176 2252 et
1238 2191 1502 2248 nostrae
1563 2181 1899 2250 electionis
1960 2180 2491 2267 perseverantiae
2552 2180 2695 2246 dili-

315 2277 560 2354 genter
601 2277 670 2334 et
710 2269 962 2338 utiliter
981 2269 1278 2354 astiterit,
1323 2269 1496 2334 sicut
1517 2265 1795 2336 dilectus
1810 2275 2083 2354 patruus
2106 2276 2329 2332 noster
2366 2267 2513 2357 piae
2558 2289 2696 2331 me·-

319 2355 577 2420 moriae
618 2374 742 2422 rex
781 2353 1126 2442 Philippus
1170 2357 1460 2420 omnium
1525 2355 1899 2442 principum
1964 2353 2189 2420 habito
2256 2352 2533 2420 consilio
2578 2375 2697 2440 per

309 2462 520 2509 suum
608 2440 976 2526 rivilegium
1021 2441 1374 2522 constituit,
2374 2499 2419 2522 ,,
2496 2505 2501 2512 ,

500 2463 611 2613 (15
674 2525 902 2614 Ipsum
981 2549 1203 2613 regem
1285 2527 1776 2607 constituimus,
1838 2525 2319 2608 confirmamus,
2406 2531 2473 2592 et
2557 2533 2693 2596 tam

323 2621 627 2678 sanctam
673 2621 738 2678 et
784 2611 1050 2698 dignam
1097 2613 1635 2679 constitutionem·
1666 2610 2127 2698 approbamus.

504 2697 652 2784 (Π.)
693 2697 1126 2784 Regnumque
1172 2699 1484 2765 Boemiae
1525 2695 1888 2766 liberaliter
1932 2704 1999 2765 et
2042 2694 2293 2782 absque
2352 2695 2531 2764 omni
2576 2717 2685 2781 pe·

314 2784 556 2852 cuniae
598 2787 940 2853 exactione
983 2794 1049 2854 et
1088 2793 1403 2850 consueta
1447 2784 1667 2854 curiae
1710 2790 1971 2849 nostrae
2020 2781 2283 2870 justitia
2340 2782 2497 2848 sibi.
2528 2783 2690 2850 suis·

315 2891 454 2956 que
499 2870 988 2940 successoribus
1026 2872 1102 2937 in
1141 2877 1528 2960 perpetuum
1576 2867 2017 2935 concedimus.

491 2955 636 3035 (ΙΠ.
713 2955 1028 3024 Volentes
1072 2965 1146 3022 ut
1205 2956 1603 3044 quicumque
1660 2951 1747 3020 ab
1807 2954 1967 3038 ipsis
2026 2955 2099 3018 in
2158 2973 2381 3041 regem
2440 2952 2690 3024 electus

308 3040 532 3124 fuerit,
576 3063 616 3106 a
705 3064 828 3108 nos
872 3041 978 3107 vel
1023 3059 1434 3107 successores
1478 3049 1739 3106 nostros
1784 3041 2097 3120 accedat,
2158 3037 2407 3124 regalia
2466 3038 2688 3105 debito

307 3129 512 3197 modo
555 3148 705 3198 rece
752 3135 957 3194 turus.
2006 3159 2012 3164 ·

487 3211 662 3298 (IV.)
771 3235 955 3281 mnes
999 3213 1198 3282 etiam
1240 3213 1556 3280 terminos
1603 3212 1717 3312 qui
1762 3209 2102 3297 praedicte
2148 3231 2351 3296 regno
2397 3211 2681 3278 attinere

309 3297 644 3382 videntur,
689 3319 1102 3386 quocumque
1148 3299 1340 3364 modo
1385 3298 1657 3364 alienati
1714 3299 1885 3373 sint,
1947 3298 2009 3362 ei
2068 3304 2135 3362 et
2190 3293 2683 3362 successoribus

307 3385 458 3471 ejus
500 3383 934 3470 possidendos
978 3383 1416 3469 indulgemus.

488 3471 626 3557 (V.)
671 3471 792 3537 Jus
837 3491 1097 3557 quoque
1121 3479 1186 3534 et
1208 3470 1657 3534 auctoritatem
1700 3467 2093 3533 investiendi
2118 3469 2461 3555 episcopos
2498 3469 2687 3552 regni
2746 3490 2751 3496 ·

300 3555 429 3636 sui,
453 3555 861 3642 integraliter
875 3555 999 3621 sibi
1022 3564 1086 3621 et
1100 3554 1454 3621 heredibus
1477 3556 1616 3619 suis
1640 3555 2081 3629 concedimus,
2113 3556 2207 3618 ita
2235 3564 2475 3630 tamen,
2508 3552 2685 3638 quod

303 3641 436 3791 {psi
483 3663 565 3706 ea
607 3642 941 3726 gaudeant
983 3639 1285 3728 libertate
1330 3648 1394 3705 et
1438 3645 1788 3706 securitate
1810 3687 1831 3724 ,
1876 3662 2072 3728 quam
2119 3655 2161 3705 a
2205 3639 2446 3704 nostris
2490 3659 2683 3725 prae-.

325 3728 764 3792 messoribus
808 3727 1054 3793 habere
1092 3734 1601 3792 consueverunt.
2391 3758 2429 3776 --

483 3829 662 3916 (VI.)
711 3831 816 3896 De
858 3841 1119 3896 nostrae
1161 3837 1380 3904 autem
1402 3827 1813 3906 liberalitatis
1836 3826 2284 3893 munificentia
2318 3827 2683 3910 statuimus,

301 3915 481 4002 quod
525 3937 646 3981 rex
689 3915 1062 4008 praedictus
1107 3914 1216 3980 vel
1260 3914 1536 3981 heredes
1583 3917 1685 3980 sui
1729 3913 2088 3980 adnullam
2123 3913 2371 3977 curiam
2391 3921 2682 3980 nostram

303 4001 534 4068 venire
591 4009 964 4084 teneantur,
1007 4002 1135 4066 nisi
1179 4020 1377 4086 quam
1422 4023 1544 4067 nos
1589 3999 1767 4088 apud
1824 3997 2217 4064 Babenberc
2268 3998 2379 4065 vel
2425 3999 2679 4065 Nuren-

303 4086 460 4162 berc
505 4085 965 4154 celebrandam
1011 4087 1463 4168 indixerimus,
1509 4085 1617 4153 vel
1658 4087 1718 4150 si
1763 4084 1943 4175 apud
2001 4083 2387 4152 Merseburc
2431 4087 2679 4152 curiam

310 4172 651 4240 celebrare
695 4171 1198 4260 decreverimus,
1243 4175 1372 4261 ipsi
1417 4172 1512 4240 sic
1556 4173 1782 4240 venire
1828 4179 2147 4266 teneatur.
