3150 5017
1518 341 1596 356 —
1685 303 1986 370 :194—

557 491 751 566 prout
779 502 898 546 nos
922 478 1229 546 decuerit.
1294 477 1363 544 Si
1410 499 1585 560 vero,
1636 486 1707 543 ut
1751 499 1898 542 cum
1947 473 2252 562 ampliori
2296 474 2570 543 militiae
2617 474 2923 540 comitiva

555 567 685 654 ipsi
732 567 993 633 domino
1039 575 1263 632 nostro
1306 566 1446 651 regi
1490 587 1610 652 pro
1656 565 1914 652 imperii
1946 563 2336 630 necessitate
2383 563 2762 644 serviamus,
2801 583 2926 626 nos

556 653 1071 740 interpellaverit
1133 651 1346 718 dictus
1419 651 1724 718 dominus
1789 658 2015 716 noster
2057 671 2198 732 rex,
2261 657 2505 716 extunc
2549 648 2740 713 nobis
2780 668 2929 712 con-

558 739 861 809 sideratis
904 740 1155 806 servitii
1201 738 1405 806 nostri
1464 739 1734 813 meritis,
1798 745 1996 825 prout
2057 737 2206 805 aliis
2268 736 2679 824 principibus
2723 733 2931 814 faciet,

558 827 1006 915 respondebit.

728 914 847 981 IV.
891 914 1057 980 Item
1104 914 1161 978 si
1206 934 1321 1000 pro
1381 911 1756 1000 recipiendo
1823 910 2182 997 imperialis
2247 911 2495 996 fastigii
2573 907 2934 974 diademate

556 1001 773 1067 dictus
818 1002 1120 1066 dominus
1180 1009 1422 1083 noster,
1458 1009 1555 1074 ‚ut
1617 1021 1766 1072 eum
1835 1000 2253 1074 associemus,
2321 1019 2443 1063 nos
2501 996 2933 1082 requisiverit,

558 1110 679 1155 nos
724 1109 875 1154 eum
920 1087 1409 1168 associabimus,
1472 1095 1667 1173 prout
1731 1084 1815 1150 ad
1883 1087 2009 1151 hoc
2044 1085 2218 1172 juris
2265 1083 2488 1150 debito
2534 1081 2934 1168 obligamur3

558 1176 793 1262 quodsi
840 1197 1041 1241 causa
1080 1172 1460 1240 rationabili
1504 1195 1621 1238 seu
1667 1171 1958 1258 legitima
1987 1171 2352 1260 praepediti
2398 1170 2523 1236 hoc
2565 1170 2784 1235 facere
2830 1189 2938 1233 ne-

606 1263 985 1344 uiverimus,
1049 1262 1172 1326 sibi
1233 1281 1351 1348 pro
1413 1257 1606 1326 nobis
1662 1269 1941 1337 nostros,
2003 1267 2197 1346 prout
2269 1257 2582 1324 honorem
2647 1265 2938 1322 nostrum

606 1350 826 1415 ecueri
836 1358 882 1433 t,
926 1349 1303 1416 curabimus
1350 1346 1700 1412 destinare.

703 1449 815 1515 ·V.
859 1449 1013 1536 Ipse
1076 1462 1295 1520 autem
1354 1452 1658 1516 dominus
1721 1456 1946 1515 noster
2002 1471 2123 1515 rex
2180 1447 2371 1513 nobis
2432 1448 2604 1514 hanc
2664 1453 2938 1534 gratiam

562 1535 780 1619 faciet,
842 1537 1018 1624 quod
1062 1559 1182 1604 nos
1226 1538 1400 1603 infra
1434 1537 1820 1619 terminum,
1879 1558 2072 1624 quem
2163 1535 2438 1602 raedicti
2484 1535 2937 1606 Olomueensis

563 1625 917 1712 episcopus
962 1634 1027 1692 et
1083 1625 1160 1690 F.
1205 1623 1640 1711 purchravios
1701 1623 1947 1689 fuerint
2006 1645 2112 1688 mo
2163 1625 2345 1704 erati,
2405 1623 2650 1688 invitos
2693 1623 2781 1689 ad
2827 1645 2934 1688 cu-

566 1713 734 1776 riam
780 1732 965 1776 suam
1009 1711 1323 1777 indictam
1370 1710 1760 1793 solemniter,
1808 1732 1944 1776 non
1985 1708 2355 1798 compellet.

736 1813 853 1880 VI.
900 1814 1254 1881 Praeterea
1297 1813 1714 1902 supradictae
1758 1814 1909 1900 paci
1953 1823 2017 1879 et
2049 1812 2440 1880 concordiae
2474 1833 2700 1880 omnes
2731 1825 2940 1882 terras

560 1909 836 1983 nostras,
881 1900 1239 1988 adjutores,
1303 1901 1850 1986 consanguineos,
1911 1902 2281 1983 servitores,
2327 1900 2625 1966 homines
2670 1911 2735 1967 et
2781 1904 2938 1966 ami-

560 2009 671 2054 cos
715 1996 991 2070 nostros,
1052 1999 1119 2054 et
1159 1989 1514 2075 praecipue
1578 1987 1918 2054 dominum
1977 1986 2086 2053 Al.
2132 1988 2454 2074 inclytum
2500 1987 2940 2074 lantgravium

561 2074 999 2160 Thuringiae,
1060 2085 1125 2141 et
1182 2074 1516 2141 dominum
1577 2073 1698 2140 Th.
1758 2075 2079 2160 inclytum
2141 2075 2583 2140 marchionem
2645 2075 2726 2141 de
2773 2075 2940 2140 Lan-

562 2161 898 2248 desperch,
947 2165 1237 2244 comites,
1297 2162 1599 2244 barones,
1644 2159 1884 2227 milites
1945 2169 2010 2228 et
2053 2161 2533 2243 ministeriales,
2578 2162 2836 2229 nobiles
2884 2171 2943 2228 et

566 2247 731 2314 alios
777 2251 1127 2314 servitores
1195 2258 1260 2315 et
1325 2249 1661 2336 adjutores
1719 2256 1982 2314 nostros
2046 2249 2466 2315 includimus.
2558 2247 2605 2314 S
2654 2249 2946 2316 ecialiter

561 2344 775 2401 autem
867 2334 1264 2400 includimus
1342 2336 1680 2401 dominum
1753 2335 1827 2401 L.
1909 2335 2228 2422 inclytum
2288 2357 2512 2422 regem
2651 2339 2941 2423 ngariae,

561 2422 854 2486 nostrum
902 2425 1462 2508 consanguineum
1510 2431 1575 2489 et
1620 2423 1909 2504 affinem,
1977 2432 2043 2489 et
2101 2423 2440 2488 dominum
2485 2421 2571 2488 H.
2616 2423 2940 2510 inclytum

562 2506 797 2573 ducem
840 2507 1328 2593 Wratislaviae,
1388 2531 1465 2574 ac
1525 2517 1776 2575 ceteros
1821 2510 2152 2597 principes
2195 2509 2527 2593 Poloniae,
2575 2512 2686 2597 qui
2731 2512 2936 2576 nostri

563 2603 718 2660 sunt
761 2598 1233 2682 consanguinei
1280 2606 1344 2662 et
1388 2597 1600 2662 amici.

744 2698 891 2764 VII.
939 2699 1129 2766 Circa
1174 2702 1647 2766 restitutionem
1675 2722 1934 2788 quoque
1955 2701 2207 2788 gratiae
2253 2711 2318 2766 et
2351 2701 2601 2788 jurium
2649 2723 2934 2783 suorum,

563 2787 784 2851 omnia
842 2785 1201 2852 secundum
1262 2795 1552 2853 tenorem
1612 2789 1903 2874 priorum
1967 2787 2490 2874 privilegiorum,
2553 2809 2754 2875 super
2799 2811 2939 2854 con-

563 2873 787 2939 cordia
830 2871 1170 2957 editorum,
1215 2873 1629 2960 adjutoribus
1673 2883 1739 2939 et
1763 2875 2189 2941 servitoribus
2235 2875 2441 2961 ipsius
2463 2871 2710 2940 domini
2735 2876 2941 2940 nostri

569 2961 745 3046 regis
791 2968 857 3025 et
898 2961 1138 3027 nostris
1184 2959 1375 3048 plene
1418 2961 1597 3026 fient.

737 3064 919 3130 VIII.
966 3065 1311 3132 Praeterea
1367 3061 1517 3130 illos
1576 3066 1690 3152 qui
1751 3064 1832 3131 de
1878 3066 2068 3130 terris
2116 3065 2357 3131 nostris
2404 3063 2669 3130 domino
2714 3073 2935 3130 nostro

566 3149 920 3238 praedicto,
968 3151 1243 3220 durante
1285 3153 1652 3238 praesentis
1675 3171 1948 3237 guerrae
1989 3159 2280 3238 tempore
2319 3153 2669 3216 astiterunt
2713 3160 2780 3216 et
2823 3174 2940 3216 au-

565 3237 801 3304 xilium
891 3239 1367 3327 praebuerunt,
1442 3239 1636 3326 plene
1717 3247 1981 3305 nostrae
2063 3239 2468 3304 restituimus
2548 3238 2800 3322 gratiae
2884 3248 2946 3302 et

563 3326 793 3406 favori,
852 3335 919 3392 et
974 3327 1433 3412 promittimus,
1494 3327 1810 3413 praestito
1861 3325 2258 3410 jurament0‚
2326 3323 2501 3411 quod
2567 3325 2946 3411 hujusmodi

565 3412 845 3498 culpam,
893 3435 1087 3498 quam
1146 3415 1217 3476 in
1261 3434 1381 3477 nos
1440 3413 1924 3492 commiserunt,
1985 3434 2324 3498 nunquam
2366 3412 2454 3477 ad
2498 3412 2788 3476 animum
2837 3434 2940 3476 re·

562 3497 939 3564 vocabimus
1008 3499 1409 3585 temporibus
1450 3502 1628 3566 vitae
1673 3506 1956 3580 nostrae,
2003 3521 2125 3564 nec
2169 3499 2414 3565 eisdem
2463 3497 2751 3585 aliquam
2802 3500 2942 3564 vio-

563 3586 831 3651 lentiam
880 3593 1107 3651 contra
1141 3586 1461 3672 justitiam
1509 3586 1900 3671 inferemus3
1963 3607 2190 3653 verum
2235 3587 2292 3652 si
2337 3588 2406 3650 in
2451 3595 2786 3673 posterum
2831 3608 2941 3652 ex·

564 3674 900 3755 cesserint,
960 3681 1205 3738 extunc
1264 3685 1491 3738 contra
1548 3675 1728 3760 ipsos
1785 3695 1917 3738 non
1977 3672 2170 3740 aliter
2228 3695 2425 3760 quam
2488 3681 2717 3741 contra
2777 3672 2943 3741 alios

561 3761 748 3846 regni
792 3761 1000 3826 nostri
1043 3759 1358 3842 homines,
1410 3763 1561 3846 jure
1621 3767 1890 3847 praevio
1936 3759 2385 3847 procedemus,
2437 3761 2636 3846 juxta
2665 3762 2828 3848 jura
2875 3771 2937 3827 et

566 3846 1103 3914 consuetudinem
1145 3849 1332 3933 regni
1375 3848 1600 3914 nostri.

737 3951 857 4020 IX.
903 3951 995 4016 Ut
1039 3961 1258 4017 autem
1318 3951 1658 4040 praedicta
1717 3951 1935 4016 omnia
1995 3959 2060 4016 et
2119 3951 2382 4038 singula
2447 3961 2514 4016 et
2560 3973 2694 4039 pax
2735 3953 2934 4018 etiam

562 4038 733 4104 inter
776 4039 1019 4106 dictum
1066 4039 1403 4106 dominum
1447 4048 1741 4105 nostrum
1786 4059 2007 4124 regem
2052 4047 2118 4104 et
2159 4060 2282 4105 nos
2327 4039 2646 4121 ordinata,
2691 4040 2762 4103 in
2809 4040 2934 4105 sin·

563 4123 738 4210 gulis
780 4128 914 4191 suis
950 4127 1149 4212 juxta
1192 4126 1557 4214 praefatum
1603 4135 1896 4192 tenorem
1960 4125 2256 4192 articulis
2298 4124 2771 4192 inviolabiliter
2815 4126 2929 4191 ob·

566 4221 923 4291 serventur,
983 4235 1101 4299 pro
1161 4223 1346 4300 parte
1408 4212 1565 4278 dicti
1615 4212 1859 4278 domini
1920 4214 2124 4278 nostri
2171 4212 2572 4278 clarissimus
2616 4213 2921 4277 dominus

564 4297 875 4366 Albertus
931 4304 1402 4386 primogenitus
1460 4303 1607 4386 ejus
1651 4321 1770 4386 pro
1813 4301 1956 4387 ipso
2023 4299 2288 4366 domino
2333 4307 2556 4367 nostro
2601 4320 2779 4384 rege,
2825 4321 2935 4364 no-

3083 2311 3086 2492 f
