3150 5017
1267 311 1708 381 ...(57.-

1437 489 1542 554 35.

359 599 792 710 Privilegii
847 603 1500 690 Theutom‘corum
1551 603 2075 714 Pragensium
2126 603 2567 694 renovatio.

1311 744 1424 810 Cc.
1477 746 1663 812 1231.

493 865 826 932 Theutonici‚
881 873 939 918 ut
987 866 1052 918 V.
1097 869 1163 918 V.
1213 866 1416 918 Tomek
1462 865 1749 918 historicus
1785 867 2067 933 Pragensis
2104 868 2409 932 arbitratur,
2448 867 2660 920 sedibus

279 935 402 984 suis
453 935 595 986 ultra
637 939 892 988 terminos
937 937 1143 1000 antiqui
1191 937 1276 987 sui
1333 936 1440 986 vici
1493 935 1566 1000 (n.
1616 936 1723 1002 17.)
1771 936 2010 1002 prolatis,
2040 936 2155 1002 jam
2191 938 2499 1002 Premyslao
2536 937 2667 989 Ota-

279 1018 412 1056 caro
445 1003 492 1054 1.
528 1012 784 1070 regnante
822 1007 880 1072 (†
919 1007 1070 1069 1230,
1111 1007 1192 1056 15.
1229 1004 1362 1070 dec.)
1399 1004 1662 1070 reliquum
1698 1005 2010 1058 suburbium
2038 1007 2097 1056 in
2110 1006 2329 1058 dextera
2365 1006 2671 1058 Moldaviae

281 1072 406 1138 ripa
453 1088 807 1140 occupavere;
856 1075 1050 1125 etenim
1097 1075 1151 1125 S.
1199 1074 1340 1126 Petri
1376 1073 1603 1125 ecclesia
1640 1075 1727 1124 cui
1761 1075 2023 1140 plebanus
2058 1075 2421 1128 Theutonicus
2456 1077 2668 1142 praefu-

287 1147 422 1204 erat,
455 1141 570 1205 jam
606 1159 750 1194 anno
786 1145 996 1194 circiter
1035 1143 1166 1193 1215
1202 1158 1236 1192 a
1271 1143 1522 1193 fratribus
1557 1142 1836 1208 hospitalis
1875 1141 1928 1194 S.
1965 1143 2170 1194 Mariae
2207 1145 2271 1194 de
2308 1145 2463 1195 domo
2486 1141 2663 1194 Theu-

281 1210 470 1260 tonica
503 1213 800 1262 tenebatur.
871 1213 1230 1263 Nihilominus
1265 1212 1414 1276 regio
1451 1211 1504 1262 S.
1542 1213 1683 1262 Petri
1721 1227 1918 1264 nomen
1956 1213 2062 1262 vici
2106 1213 2557 1264 Theutonicorum
2576 1229 2669 1280 per

278 1283 456 1329 totum
491 1281 626 1331 XIII
661 1281 933 1332 saeculum
968 1282 1186 1332 retinuit
1221 1279 1384 1346 (1238
1419 1279 1647 1332 ecclesia
1682 1279 1737 1331 S.
1773 1283 1915 1332 Petri
1948 1283 2008 1331 in
2044 1283 2163 1333 vico
2198 1283 2669 1346 'theutonia-orum,

281 1349 422 1398 1233
459 1349 852 1487 οοοιιΐὴίιιωβ.
885 1351 1026 1402 Petri
1060 1350 1265 1416 Pragae
1298 1351 1356 1400 in
1392 1351 1510 1402 vico
1545 1349 1662 1413 Th„
1702 1351 1837 1402 1282
1873 1351 1942 1402 ad
1968 1351 2021 1402 S.
2041 1351 2257 1402 Petrum
2276 1353 2334 1402 in
2356 1353 2475 1403 vico
2495 1353 2671 1404 Theu-

281 1418 591 1470 tonicorum
616 1457 630 1470 .

495 1483 878 1539 Confirmatum
925 1494 977 1540 et
1023 1492 1238 1538 auctum
1283 1492 1364 1537 est
1407 1486 1854 1539 Theutonicorum
1902 1489 2249 1554 Pragensium
2308 1489 2671 1556 privilegium,

289 1551 420 1604 olim
457 1570 492 1606 a
525 1556 658 1608 duce
693 1557 950 1609 Sobeslao
983 1555 1055 1608 11.
1093 1557 1274 1608 datum
1310 1557 1384 1622 (n.
1426 1556 1529 1622 17),
1561 1556 1677 1620 jam
1712 1557 1813 1607 sub
1848 1573 1973 1623 rege
2008 1558 2315 1624 Premyslao
2352 1558 2583 1610 Otacaro
2598 1559 2661 1622 1.,

277 1621 409 1672 dein
463 1625 563 1676 sub
607 1641 730 1692 rege
774 1626 1092 1677 wenceslao
1145 1627 1210 1688 L,
1259 1625 1352 1676 ubi
1397 1627 1629 1692 primum
1664 1639 1889 1691 regnare
1922 1627 2117 1693 coepit,
2167 1627 2308 1692 quod
2344 1627 2543 1678 factum
2580 1633 2663 1678 est

277 1705 337 1740 a.
377 1694 530 1746 1230.
598 1694 864 1747 Beneficio
897 1697 1044 1762 regio
1081 1695 1226 1746 aucti
1259 1710 1294 1746 a
1328 1694 1645 1746 wenceslao
1674 1695 1795 1758 jam
1835 1697 2011 1758 „cives
2046 1698 2245 1748 nosti-ss
2294 1696 2664 1763 appellantur-3

282 1761 350 1809 in
385 1759 556 1814 literis
590 1764 816 1830 publicis
852 1770 1031 1816 autem
1066 1779 1260 1815 nomen
1299 1765 1495 1826 „civis“
1535 1779 1585 1815 a.
1627 1765 1759 1816 1232
1795 1765 2024 1831 primum
2058 1770 2296 1831 apparet,
2335 1765 2457 1816 dein
2474 1767 2673 1818 iterum

279 1829 590 1898 iterumque
641 1832 854 1898 legitur.
927 1834 1102 1896 Quum
1149 1848 1274 1884 vero
1323 1849 1414 1884 rex
1470 1833 1817 1884 wenceslaus
1852 1835 2219 1885 tantummodo
2257 1836 2471 1885 nomine
2510 1836 2673 1898 „sub-

281 1898 536 1950 urbium“
574 1907 756 1953 utatur
789 1917 889 1953 nec
925 1903 1222 1966 „civitatis“
1260 1902 1428 1954 ullam
1465 1904 1789 1952 mentionem
1824 1903 2007 1966 faciat,
2042 1909 2187 1969 patet
2210 1904 2354 1968 inde,
2390 1903 2668 1954 confirma·

287 1968 496 2020 tionem
529 1971 730 2022 factam
766 1985 900 2035 esse,
931 1978 1223 2037 antequam
1255 1971 1362 2022 ista
1394 1985 1518 2036 pars
1553 1972 1761 2036 antiqui
1794 1973 2035 2023 suburbii
2068 1974 2128 2024 in
2164 1972 2379 2023 dextera
2425 1974 2545 2040 ripa
2586 1974 2675 2024 siti

279 2050 452 2110 atque
503 2045 688 2106 postea
737 2042 1034 2102 „civitatis“
1083 2041 1298 2092 nomine
1345 2040 1603 2107 appellati
1650 2040 1927 2092 moenibus
1963 2043 2137 2092 cincta
2173 2047 2269 2104 est,
2307 2042 2392 2091 vel
2428 2047 2491 2093 ut
2524 2042 2667 2092 idem

281 2113 413 2166 aliis
448 2110 624 2161 verbis
660 2111 851 2172 dicam,
887 2115 1012 2162 ante
1047 2125 1250 2162 annum
1289 2110 1442 2172 1235,
1475 2125 1583 2176 quo
1619 2114 1679 2160 ut
1712 2109 1914 2160 Tomek
1950 2109 2185 2174 conjicit,
2232 2111 2449 2162 moenia
2484 2109 2666 2161 aedifi·

279 2183 399 2234 cari
437 2183 625 2246 coepta
659 2183 800 2229 sunt.

497 2247 816 2299 wenceslao
851 2249 1012 2300 etiam
1045 2253 1158 2300 tum
1194 2253 1471 2314 regnante,
1509 2251 1671 2312 atque
1705 2245 1827 2298 ideo
1862 2251 1987 2298 ante
2020 2261 2070 2298 a.
2113 2249 2245 2300 1253
2293 2263 2399 2313 quo
2454 2261 2547 2298 rex
2582 2247 2676 2298 ille

285 2321 407 2372 vita
443 2318 686 2382 decessit,
737 2318 881 2368 intra
929 2318 1260 2384 pomoerium
1317 2318 1550 2389 ciyitatis
1604 2331 1749 2368 nova
1792 2317 1937 2368 urbis
1982 2318 2129 2382 reg-io
2184 2318 2401 2381 exstitit,
2454 2317 2515 2366 in
2572 2331 2679 2382 qua

279 2389 469 2440 media
505 2387 558 2438 S.
599 2385 742 2437 Galli
777 2386 936 2438 aedes
973 2391 1114 2454 erat;
1149 2386 1282 2438 haec
1316 2387 1460 2437 urbis
1494 2386 1641 2452 regio
1680 2400 1853 2448 „nova
1886 2385 2077 2438 civitas
2095 2387 2241 2436 circa
2268 2391 2513 2438 sanctum
2550 2387 2678 2438 Gal-

281 2461 436 2510 lum“
475 2455 862 2521 appellabatur.

497 2523 820 2576 Suburbium
871 2525 931 2574 in
976 2525 1194 2575 sinistra
1240 2524 1360 2590 ripa
1413 2527 1586 2574 castro
1632 2524 1888 2588 Pragensi
1938 2525 2247 2590 contiguum
2268 2562 2283 2588 ,
2332 2525 2415 2575 his
2463 2538 2673 2589 quoque

281 2594 618 2660 temporibus
664 2593 734 2644 ab
779 2593 970 2644 incolis
1017 2593 1282 2658 indigenis
1329 2593 1627 2659 tenebatur,
1681 2607 1848 2657 usque
1895 2593 1963 2642 ad
1998 2607 2202 2644 annum
2242 2595 2393 2659 1257,
2432 2607 2536 2658 quo
2572 2607 2664 2644 rex

281 2663 528 2730 Premysl
564 2662 824 2714 Otacarus
859 2661 933 2712 11.
969 2677 1164 2713 novam
1199 2663 1468 2714 civitatem
1504 2662 1824 2726 alienigenis
1858 2663 2247 2726 frequentatam
2282 2663 2535 2714 condidit.

498 2734 545 2784 Ε
581 2730 980 2782 confirmatione
1013 2732 1242 2782 Joannis
1279 2732 1435 2797 regis.

461 2815 546 2882 In
587 2814 837 2881 nomini
880 2815 1153 2880 Domini
1197 2815 1347 2880 Dei.
1392 2817 1624 2880 Amen.

463 2899 892 2970 wenceslaus
934 2901 1067 2967 Dei
1109 2901 1322 2986 gratia
1364 2901 1759 2967 Boemorum
1802 2923 1923 2966 rex
1945 2899 2145 2984 IVus,
2181 2899 2485 2966 omnibus
2518 2902 2673 2967 fide-

279 2988 464 3054 libus
505 2989 694 3141 rggni
717 2989 834 3066 sui,
877 2986 1116 3074 quibus
1161 2988 1282 3053 hae
1327 2986 1586 3053 litterae
1632 2996 1935 3053 ostensae
1980 2985 2243 3068 fuerint,
2290 2988 2571 3072 gratiam
2606 2999 2674 3054 et

287 3097 488 3141 omne
577 3095 798 3140 onum.

463 3162 781 3228 Noverint
824 3160 1115 3226 universi
1158 3167 1291 3223 tam
1338 3170 1717 3245 praesentes
1762 3181 1958 3247 quam
2006 3160 2227 3242 futuri,
2273 3158 2451 3246 quod
2466 3159 2669 3227 Theo-

282 3250 496 3314 tunici
539 3249 938 3332 Pragenses‚
993 3247 1172 3312 cives
1230 3248 1472 3328 nostri,
1537 3246 1623 3312 ad
1668 3247 2110 3332 praesentiam
2154 3259 2443 3313 nostram
2492 3268 2672 3314 acce-

283 3334 539 3416 dentes,
582 3333 1161 3422 praedecessorum
1205 3341 1599 3415 nostrorum,
1652 3331 1783 3397 vid.
1830 3331 2118 3400 Sobizlai
2164 3331 2439 3399 illustris
2487 3335 2674 3400 ducis

281 3423 592 3488 Boemiae
609 3469 628 3504 ‚
686 3429 754 3486 et
857 3420 1018 3484 atris
1061 3419 1268 3484 nostri
1309 3418 1697 3484 recolendae
1740 3421 2095 3486 memoriae
2141 3420 2437 3507 ejusdem
2484 3422 2672 3506 regni

182 3591 190 3596 -
286 3506 526 3594 inclyti
569 3507 746 3592 regis
843 3505 1100 3587 rimizil‚
1145 3504 1494 3591 privilegia
1533 3504 2092 3589 demonstrantes,
2138 3528 2179 3570 a
2222 3506 2415 3572 nobis
2456 3505 2673 3570 hunu-

287 3593 442 3659 liter
487 3591 921 3680 postularunt,
967 3599 1040 3656 ut
1084 3612 1180 3666 ea,
1226 3612 1394 3678 quae
1439 3592 1509 3657 in
1556 3592 1915 3679 privilegiis
1936 3593 2097 3679 ipsis
2120 3592 2381 3658 fuerant
2412 3589 2675 3657 indulta

285 3686 352 3743 et
395 3701 725 3762 concessa,
769 3677 892 3743 sub
937 3677 1256 3762 regimine
1303 3681 1506 3746 nostri
1550 3681 1863 3766 temporis
1888 3678 2311 3765 dignaremur
2350 3699 2675 3744 renovare

289 3774 358 3832 et
400 3765 700 3832 similiter
743 3764 1150 3830 confirmare.
1325 3796 1333 3804 ·

459 3853 597 3918 Nos
642 3873 796 3918 vero
844 3859 1086 3916 statuta
1129 3859 1619 3918 antecessorum
1662 3860 2033 3916 nostrorum
2073 3849 2533 3935 dignoscentes
2590 3871 2695 3916 ex-

333 3939 400 4003 ia
443 3937 912 4006 deliberatione
956 3945 1022 4001 et
1145 3938 1278 4002 etia
1339 3939 1755 4024 processisse,
1819 3935 2125 4024 precibus
2185 3957 2407 4001 eorum
2470 3937 2678 4004 humi-

287 3961 460 4090 Εὔας
505 4023 872 4108 exauditis,
931 4023 1074 4088 nihi
1142 4024 1224 4089 de
1268 4025 1372 4090 his
1431 4025 1854 4090 immutantes
1900 4045 2023 4088 nec
2069 4022 2405 4089 dementes
2424 4070 2443 4106 ,
2506 4045 2677 4110 quae

289 4131 329 4174 a
369 4113 588 4198 prima
631 4111 920 4196 ipsorum
968 4113 1310 4176 vocatione
1356 4112 1424 4174 in
1471 4110 1810 4174 Boemiam
1859 4109 2157 4175 obtinere
2197 4130 2315 4195 per
2346 4112 2677 4196 principes

291 4207 688 4281 meruerunt,
733 4197 817 4262 de
857 4193 1050 4261 litera
1091 4196 1177 4262 ad
1221 4197 1496 4275 literam,
1543 4195 1625 4260 de
1668 4195 1872 4262 verbo
1917 4195 2000 4260 ad
2046 4195 2321 4262 verbum
2361 4196 2677 4262 faciemus

289 4285 610 4350 renovari.
2182 4365 2265 4433 ὅθ
