3150 5017
405 487 424 495 ·
550 472 615 530 et
638 466 997 532 satisfaciat
1012 466 1582 553 conquerentibus,
1605 488 1692 534 ne

546 551 831 617 facilitas
884 554 1117 618 veniae
1160 556 1375 639 pariat
1417 556 1688 620 incenti-

476 714 479 717 .
548 658 702 703 vum
749 637 1175 726 delinquenti.

610 3338 730 3404 IX.
748 3340 793 3423 (
782 3340 883 3403 De
896 3342 1215 3425 emenda.)
1234 3343 1355 3422 §.L
1375 3340 1686 3408 Ubicum-

544 3445 673 3577 que
728 3424 932 3508 judici
976 3427 1151 3493 cedit
1197 3426 1422 3514 aliqua
1466 3449 1684 3495 emen-

541 3534 654 3663 ..ἲέ
674 3514 1394 3687 ἕλ’ἔέᾳζὲὶηῖἑξῖῗέ,
1417 3516 1685 3683 affl}

542 3694 607 3751 et
620 3688 969 3751 transactis
986 3685 1120 3749 illis
1136 3686 1367 3753 diebus
1394 3705 1540 3753 cum
1566 3687 1680 3753 ali-

540 3792 671 3858 quo
706 3774 929 3856 jurato
992 3774 1275 3859 accipiat
1334 3775 1677 3840 emendam

456 3904 461 3907 -
542 3877 763 3937 suam3
810 3858 1089 3945 quoduai
1106 3882 1239 3925 non
1264 3862 1510 3944 fecerit,
1535 3861 1678 3926 nul-

540 3944 670 4009 lam
718 3944 1065 4009 emendam
1112 3956 1341 4032 postea
1370 3949 1679 4034 superad-

542 4028 699 4094 dere
722 4030 934 4099 debet.
982 4037 1039 4115 §-
1068 4034 1129 4099 2.
1154 4034 1243 4099 Et
1272 4052 1533 4122 semper
1574 4054 1680 4099 ce-

540 4136 677 4181 ram
700 4115 917 4202 aliquo
935 4119 1149 4202 jurato
1172 4122 1451 4207 accipiat
1465 4116 1692 4187 emen-‘

540 4202 689 4273 dam
736 4220 943 4271 suam.

1707 242 2032 359 90--¹¹

1797 488 2074 532 munera
2095 488 2352 533 cerrum
2400 472 2488 548 at,
2511 468 2632 533 sed
2665 462 2918 553 pauperi

1796 558 1964 620 sicut
2025 554 2210 618 diviti
2261 558 2336 635 ju
2384 554 2514 620 icet
2575 554 2918 621 secundum

1793 642 2072 707 formam
2117 639 2286 727 legis
2326 640 2718 706 institutam.
2771 644 2826 722 ξ.
2867 642 2916 707 3.

1795 728 1866 794 Si
1901 729 2107 815 jurati
2146 727 2215 793 in
2248 727 2569 792 matutino
2613 726 2917 812 colloquio

1793 814 2083 903 aliquem
2130 815 2610 896 accusaverint,
2657 824 2726 879 et
2755 815 2806 877 si
2826 814 2917 897 ju·

1795 902 1925 967 dex
1967 903 2037 966 in
2054 899 2418 988 judicando
2443 901 2794 987 negligens
2815 920 2915 965 ex-

1795 991 2049 1071 stiterit,
2067 988 2268 1075 jurati
2301 990 2692 1054 innocentes
2726 994 2916 1067 erunt,

1797 1086 1861 1143 et
1895 1075 2111 1162 judex
2152 1076 2222 1139 in
2284 1074 2480 1163 culpa
2523 1072 2914 1153 remanebit;

1798 1168 1858 1246 g.
1883 1166 1946 1229 4.
1994 1162 2066 1227 Si
2099 1170 2315 1227 autem
2334 1184 2515 1227 mora
2531 1160 2916 1247 procedente

1793 1248 2009 1315 adhuc
2017 1248 2318 1334 judicare
2335 1247 2690 1330 noluerit‚a
2697 1247 2916 1334 juratis

1794 1344 2136 1401 moneatur
2199 1345 2271 1400 ut
2305 1335 2564 1421 judicet
2609 1344 2678 1401 et
2744 1334 2916 1399 satis-

1791 1426 1986 1489 faciat
2031 1422 2602 1509 conquerentibus,
2649 1442 2736 1485 ne
2779 1420 2916 1486 faci-

1793 1511 1942 1576 litas
1987 1511 2220 1575 veniae
2266 1510 2477 1596 pariat
2520 1509 2913 1573 incentivum

1786 1596 2190 1682 delinquenti
2207 1620 2224 1673 3
2242 1601 2300 1679 §-
2321 1597 2381 1661 5.
2399 1596 2567 1661 Item
2585 1597 2917 1661 tertiavice

1791 1692 2136 1749 moneatur
2167 1682 2385 1768 judex
2442 1704 2482 1747 a
2535 1684 2817 1768 juratis3
2867 1680 2914 1743 si

1789 1780 1949 1837 tunc
1963 1770 2268 1855 judicare
2291 1769 2596 1845 noluerit,
2634 1777 2701 1835 et
2731 1787 2912 1833 causa

1790 1858 1876 1923 ad
1922 1857 2326 1944 superiorem
2351 1854 2684 2007 Ῐῇιιᾶίοοω,
2731 1862 2800 1921 ut
2839 1852 2912 1917 ad

1787 1944 2221 2010 camerarium
2267 1964 2350 2007 ve
2419 1941 2506 2007 ad
2551 1964 2775 2028 reg-em
2814 1962 2910 2005 vo·

1787 2030 2053 2113 latetur,
2099 2040 2164 2097 et
2208 2030 2410 2115 judex
2451 2052 2569 2115 pro
2595 2029 2910 2117 negligen-

1785 2120 1879 2184 tia-
1925 2125 2266 2183 accusatus
2295 2116 2520 2185 fuerit:
2547 2119 2693 2183 sive
2720 2135 2908 2203 parva

1785 2205 1894 2271 vel
1941 2226 2181 2291 magna
2223 2225 2425 2269 causa
2469 2203 2692 2284 fuerit,
2717 2201 2909 2289 Judex

1787 2314 1906 2379 pro
1949 2314 2065 2357 reo
2131 2292 2458 2377 punietur.
2519 2295 2584 2373 ἓ.
2646 2293 2706 2357 6.
2761 2288 2908 2353 Item

1787 2382 1842 2445 si
1888 2379 2036 2467 quis
2079 2386 2428 2444 accusatus
2471 2377 2672 2443 fuerit
2701 2377 2770 2441 in
2791 2396 2906 2441 ma·

1785 2466 2082 2555 niloquio
2101 2514 2120 2549 ‚
2173 2464 2386 2549 judex
2444 2484 2712 2530 causam
2779 2461 2904 2529 dili·

1832 2564 2018 2621 enter
2061 2554 2442 2639 experiatur
2457 2600 2472 2631 ‚
2534 2556 2604 2616 et
2661 2552 2716 2617 si
2772 2546 2906 2616 talis

1785 2578 2001 2724 giem,
2061 2640 2238 2727 quod
2299 2646 2646 2703 accusatus
2707 2634 2904 2723 puniri

1785 2730 2025 2793 meruit
2065 2730 2138 2792 in
2181 2728 2486 2814 pecunia,
2546 2726 2644 2791 sic
2702 2724 2903 2789 intitu-

1785 2816 1990 2899 letur3
2037 2816 2094 2879 si
2135 2815 2208 2877 in
2251 2834 2454 2878 manu
2512 2814 2736 2899 puniri
2791 2831 2903 2875 me·

1785 2903 1935 2982 ruit,
1983 2904 2080 2967 sic
2121 2900 2554 2979 inscribatur3
2581 2900 2642 2965 si
2661 2901 2734 2965 in
2755 2895 2902 2965 cello

1786 2990 2006 3078 puniri
2049 2991 2306 3070 meruit,
2367 2990 2464 3053 sic
2503 2986 2900 3058 inscribatur,

1787 3076 2146 3143 secundum
2195 3098 2539 3143 excessum
2581 3077 2687 3141 sui
2736 3092 2900 3140 enor-

1785 3167 2099 3230 mitatem.
2707 3183 2718 3193 ·

1877 3340 1999 3405 IX.
2045 3340 2144 3403 De
2157 3338 2337 3402 modo
2365 3338 2717 3421 recipiendi
2727 3354 2900 3400 emen·

1793 3428 1966 3492 dam.
2031 3430 2094 3508 ξ.
2143 3425 2200 3489 1.
2247 3424 2666 3509 Ubicumque
2713 3417 2898 3509 judici

1792 3513 1967 3579 cedit
1989 3510 2214 3599 aliqua
2236 3510 2535 3592 emenda,
2553 3512 2696 3575 sive
2719 3524 2902 3594 parva

1793 3600 1901 3665 vel
1975 3619 2216 3683 magna
2281 3594 2482 3661 filerit
2503 3644 2520 3678 ,
2581 3596 2901 3660 induciare

1795 3684 1991 3751 debet
2033 3704 2217 3749 reum
2307 3682 2751 3749 uatuordecim
2787 3678 2900 3743 die·

1785 3773 1944 3853 bus;
1985 3772 2228 3859 quibus
2315 3770 2468 3835 nitis
2501 3769 2722 3857 aliquo
2745 3770 2898 3853 iura-

1785 3869 1999 3925 torum
2033 3866 2375 3945 praesente
2399 3858 2681 3945 accipiat
2699 3872 2898 3921 emen·

1787 3946 1937 4011 dam
1985 3966 2206 4025 suam3
2254 3944 2430 4031 quod
2457 3945 2514 4008 si
2535 3938 2896 4029 neglexerit,

1785 4032 1884 4098 illi
1953 4030 2270 4097 emendae
2365 4053 2502 4095 non
2585 4028 2894 4097 tenebitur

1787 4120 1984 4184 aliam
2009 4117 2448 4183 accumulare.
2471 4122 2535 4201 ξ.
2555 4119 2617 4183 2.
2639 4117 2730 4182 Et
2752 4128 2894 4179 sem-

1787 4226 1910 4293 per
1982 4226 2232 4271 coram-
2269 4204 2492 4292 alique
2549 4206 2894 4290 juratorum

1789 4294 2072 4381 accipiat
2115 4292 2462 4359 emendam
2507 4314 2712 4357 suam.
