3150 5017
583 288 866 339 mam.
1268 312 1273 317 -
1531 300 1614 323 -·-
1701 270 1833 339 370
1915 308 2004 323 .-

584 444 810 530 placiti
874 446 1183 513 conventi
1246 452 1704 533 transgressor
1727 490 1738 505 ·
1763 446 1980 529 fuerit,
2046 466 2166 533 per
2213 442 2506 533 judicem
2565 444 2650 509 ad
2689 464 2911 508 omnem

580 533 755 617 parti
820 532 1010 599 alteri
1074 531 1452 599 faciendam
1504 535 1832 620 justitiam
1883 532 2339 619 compellatur.
2431 530 2500 597 Si
2557 553 2712 597 vero
2767 530 2913 596 loca-

586 628 692 684 tor·
758 618 991 696 fuerit,
1086 640 1310 683 curam
1388 618 1693 702 habebit,
1769 628 1842 685 ut
1914 620 2302 688 conductori
2379 626 2794 704 ,manuteneat
2860 626 2913 681 et

529 712 553 736 ³
586 716 936 793 conservet
982 708 1229 782 omnia,
1277 723 1445 794 ‘quae
1490 708 1819 793 promisit3
1887 706 2004 772 sed
2051 709 2104 771 si
2165 706 2532 771 conductor
2587 704 2790 786 fuerit,
2846 703 2914 768 ab

562 792 765 857 ‘omni
828 806 944 859 suo
1006 794 1178 880 jure,
1226 792 1403 879 quod
1448 814 1537 859 ex
1581 794 2014 861 conductione
2059 802 2451 859 consecutus
2495 800 2612 875 est,
2657 812 2913 867 casurus.

586 882 650 963 ἕ.
719 880 825 945 21.
893 879 1061 946 Item
1127 881 1508 966 perspicere
1569 881 1766 945 debet
1824 879 2204 963 conductor,
2265 888 2340 945 ut
2398 881 2466 945 in
2511 878 2692 945 nullo
2733 877 2916 967 legem

588 966 1051 1032 conductionis
1100 966 1408 1047 offendat,
1468 966 1577 1032 vel
1622 966 1890 1053 aliquod
1928 966 2044 1053 ju‘s
2109 968 2206 1033 rei
2253 966 2918 1047 conductae.deterius

584 1053 787 1119 faciat
810 1062 923 1119 aut
952 1054 1093 1121 fieri
1120 1056 1429 1137 patiatur.
1477 1057 1539 1137 ξ.
1565 1056 1674 1120 22.
1701 1054 2010 1119 Termino
2054 1075 2212 1119 vero
2257 1052 2602 1119 locationis
2629 1052 2920 1140 completo

587 1160 781 1206 omne
816 1140 931 1226 jus
974 1142 1423 1225 exstinguitur
1468 1141 1890 1206 conductoris
1939 1140 2062 1205 hoc
2111 1141 2336 1206 modo:
2395 1138 2472 1205 Si
2518 1140 2824 1205 terminus
2861 1139 2920 1200 in

586 1226 758 1293 diem
806 1231 1065 1293 venerit
1107 1225 1447 1292 laboribus
1493 1227 1902 1315 deputatum,
1949 1228 2168 1293 statim
2278 1228 2538 1293 roxima
2595 1224 2922 1313 proclama-

584 1314 765 1379 tione
856 1316 1063 1379 rimae
1104 1313 1445 1379 schicbtae
1490 1315 1704 1379 noctis
1749 1312 2108 1379 conductor
2154 1316 2222 1378 ni
2273 1314 2320 1377 il
2357 1314 2531 1399 juris
2595 1314 2676 1379 de
2731 1319 2923 1376 cetero

587 1399 815 1468 obtine
864 1402 933 1464 it.
1028 1399 1098 1465 Si
1144 1420 1301 1465 vero
1350 1399 1491 1466 dies
1537 1400 1816 1467 celebris
1864 1400 2036 1465 diem
2085 1422 2220 1466 non
2265 1398 2594 1465 celebrem
2642 1397 2925 1463 locationi

586 1505 705 1575 pro
752 1494 973 1555 cetero
1013 1488 1298 1552 termino
1346 1486 1660 1573 deputato
1706 1486 2084 1553 immediate
2131 1487 2585 1575 praecesserit,
2647 1495 2800 1551 tunc
2831 1486 2926 1571 jus

574 1571 1009 1639 conductoris
1052 1582 1320 1659 propter
1365 1574 1661 1661 vigiliam
1708 1574 2014 1660 proxima
2071 1574 2613 1661 proclamatione,
2687 1570 2926 1637 ultimae

590 1659 923 1727 sebichtae
970 1660 1099 1728 diei
1148 1660 1415 1738 scilicet,
1460 1662 1908 1747 extinguetur.
1997 1659 2548 1747 Quandocunque
2607 1660 2926 1725 locationis

584 1747 905 1811 terminus
952 1749 1019 1811 in
1068 1747 1240 1813 diem
1289 1747 1616 1813 celebrem
1663 1748 1864 1813 fuerit
1908 1747 2280 1833 deputatus,
2325 1746 2501 1835 quod
2545 1746 2926 1835 frequentius

586 1836 859 1916 evenit,
903 1834 1073 1899 sicut
1140 1836 1335 1899 etiam
1406 1842 1791 1899 consuetum
1861 1843 1959 1899 est
2024 1834 2338 1899 urburam
2397 1842 2690 1899 nostram
2749 1832 2927 1897 locari

584 1939 794 2007 usque
838 1920 906 1986 in
955 1920 1127 1989 diem
1177 1921 1518 1987 beatorum
1564 1921 1739 1989 Petri
1787 1928 1852 1987 et
1895 1920 2084 1985 Pauli
2129 1920 2632 2008 Apostolorum:
2684 1930 2833 1985 tunc
2871 1918 2928 1983 in

584 2006 827 2092 vigilia·
876 2028 1025 2073 cum
1094 2008 1537 2093 proclamatur
1599 2007 1831 2073 ultima
1875 2007 2172 2073 schichta
2233 2008 2391 2091 diei,
2455 2028 2652 2073 omne
2702 2006 2814 2093 jus
2851 2003 2929 2071 lo-

586 2094 865 2159 cationis
908 2095 1355 2179 exstinguitur
1398 2094 1890 2161 conductorum.
1982 2094 2176 2175 Quod
2213 2096 2330 2181 jus
2373 2096 2576 2161 etiam
2639 2115 2762 2158 nos
2803 2113 2928 2155 cum

584 2188 851 2247 nostrae
896 2180 1183 2247 urburae
1228 2181 1742 2251 conductoribus
1786 2181 2062 2247 firmiter
2107 2180 2412 2246 volumus
2457 2180 2840 2258 observari3
2879 2185 2932 2243 et

583 2265 741 2331 licet
798 2269 871 2331 in
933 2266 1060 2332 hac
1118 2278 1305 2353 parte
1366 2269 1628 2354 legibus
1671 2266 1956 2333 absoluti
2003 2288 2252 2352 sumus,
2319 2278 2540 2335 tamen
2589 2266 2931 2333 secundum

584 2351 797 2438 legem
844 2355 1071 2420 vivere
1108 2355 1433 2421 volumus.
1516 2354 1841 2436 Quamvis
1883 2364 2104 2421 tamen
2151 2354 2274 2420 hoc
2319 2355 2529 2420 solum
2579 2354 2666 2419 de
2711 2352 2934 2423 urbura

586 2437 948 2507 dixerimus
984 2440 1498 2525 observandum,
1558 2450 1780 2506 tamen
1841 2444 2035 2507 etiam
2085 2441 2166 2507 de
2211 2452 2476 2509 moneta
2518 2440 2804 2527 intelligi
2845 2439 2932 2503 de-

587 2524 717 2607 bet,
776 2536 843 2593 et
901 2528 983 2593 de
1043 2530 1221 2593 omni
1282 2549 1485 2594 censu
1548 2525 1833 2594 urburae
1892 2535 2182 2593 nostrae·
2217 2530 2544 2609 attinenti,
2591 2537 2670 2593 ut
2712 2547 2840 2611 uno
2879 2530 2934 2589 et

582 2611 816 2681 eodem
880 2616 1161 2679 termino
1228 2615 1421 2679 simul
1485 2614 1569 2680 ad
1639 2615 2102 2685 conductorem
2162 2623 2537 2696 transeant,
2617 2637 2699 2679 ac
2760 2609 2933 2679 simul

584 2709 1019 2766 revertantur.
1078 2704 1140 2784 ἓ.
1160 2700 1265 2767 23.
1297 2702 1613 2767 Extincto
1629 2703 1852 2787 itaque
1861 2703 2012 2787 jure
2029 2700 2374 2768 locationis
2390 2702 2696 2783 termino,
2740 2699 2934 2767 adhuc

548 2816 561 2820 ·
582 2784 829 2853 multae
860 2787 1106 2853 fiebant
1138 2790 1551 2875 quaestiones
1587 2788 1668 2853 de
1700 2788 1963 2853 metallo
1995 2790 2285 2853 nondum
2318 2788 2580 2869 educte,
2627 2809 2781 2852 cum
2805 2807 2937 2851 con·

583 2872 927 2939 ductorum
973 2884 1280 2940 exsecato
1325 2874 1664 2943 laboribus
1717 2883 1783 2940 et
1834 2876 2164 2961 expensis,
2211 2876 2400 2961 cujus
2443 2896 2590 2940 esse
2639 2873 2939 2940 deberet?

582 2959 668 3024 ad
736 2960 911 3047 quod
989 2963 1231 3027 diversi
1311 2961 1748 3027 diversimode
1813 2958 2315 3047 responderunt.
2405 2961 2704 3043 Quidam
2779 2962 2939 3025 enim

582 3046 912 3129 dicebant,
962 3057 1040 3113 et
1081 3048 1269 3130 bene,
1322 3048 1507 3135 quod
1552 3070 1744 3113 omne
1790 3048 2125 3113 metallum
2173 3050 2543 3135 sumptibus
2589 3048 2937 3113 conducto-

580 3154 725 3198 rum
794 3144 1155 3216 cxsectum,
1215 3136 1369 3199 licet
1428 3135 1723 3219 nondum
1785 3136 2135 3217 emissum,
2199 3138 2217 3198 i
2271 3137 2364 3199 sis
2419 3133 2940 3200 conductoribus

578 3230 967 3287 remaneret.
1055 3222 1353 3305 Quorum
1400 3224 1625 3307 opinio
1671 3230 1892 3287 tamen
1939 3244 2069 3285 non
2121 3230 2397 3287 mutum
2443 3221 2938 3297 attendebatur3

578 3305 731 3371 aliis
772 3318 991 3375 autem
1038 3310 1435 3374 contrarium
1483 3308 1874 3386 dicentibus,
1921 3308 2092 3395 quod
2142 3308 2306 3372 nihil
2342 3310 2517 3394 Juris
2559 3312 2634 3373 in
2684 3311 2784 3387 eo,
2830 3305 2942 3371 nisi

579 3395 1004 3476 emitteretur,
1065 3394 1360 3460 haberet.
1450 3394 1583 3459 Sed
1629 3397 1805 3459 tertii
1853 3397 2184 3475 dixerunt,
2247 3396 2420 3481 quod
2467 3394 2554 3459 de
2601 3394 2787 3460 dicto
2830 3413 2941 3457 me-

578 3478 739 3548 tallo
784 3480 950 3545 nihil
998 3481 1261 3547 cederet
1306 3480 1837 3564 conductoribus,
1887 3483 2012 3547 nisi
2059 3503 2207 3546 cum
2255 3482 2339 3547 ad
2386 3482 2793 3549 divisionem
2835 3500 2942 3567 pu-

576 3565 819 3633 blicam
865 3570 1257 3655 perveniret.
1302 3568 1410 3633 Ad
1456 3568 1633 3655 quod
1678 3569 2047 3633 naturalem
2093 3569 2488 3654 aequitatem
2539 3564 2943 3634 solummodo

576 3654 911 3741 imitantes
943 3656 1417 3745 respondemus
1449 3655 1770 3725 breviter:
1815 3656 1910 3721 Ut
1951 3656 2008 3719 si
2053 3655 2449 3740 generaliter
2471 3656 2946 3732 admitteretur,

578 3741 753 3827 quod
796 3744 1237 3808 conductores
1282 3741 1407 3807 sub
1455 3750 1632 3808 terra
1691 3744 1764 3805 in
1829 3740 2268 3827 argen-tifodio
2331 3741 2678 3807 metallum
2729 3761 2943 3807 exsec-

574 3836 735 3908 tum,
794 3830 922 3895 nisi
981 3838 1141 3894 tunc
1201 3830 1674 3915 impedimento
1717 3826 2014 3913 legitimo
2073 3828 2458 3915 praepediti,
2519 3850 2642 3915 pro
2693 3850 2818 3894 sua
2859 3846 2942 3892 re·

576 3914 939 3981 conderent
1006 3915 1375 3982 voluntate:
1462 3925 1602 3981 tum
1691 3914 2068 3983 absurditas
2097 3944 2104 3953 ·
2137 3924 2554 4001 sequeretur,
2623 3923 2705 3981 ut
2771 3915 2944 3980 finito

574 4003 854 4068 termino
914 4001 1261 4068 locationis
1336 4001 1678 4069 metallum
1743 4003 1838 4067 sic
1901 4000 2203 4089 relictum
2279 4004 2372 4068 in‘
2410 4004 2546 4069 suis
2605 4001 2944 4069 laboribus

574 4088 935 4155 locationes
978 4090 1347 4180 impediret,
1414 4088 1898 4157 extrahendum
1943 4110 2090 4153 cum
2139 4091 2456 4177 expensis
2496 4089 2742 4155 ultimo
2787 4089 2944 4153 loca-

552 4183 812 4241 ·torum.
902 4176 1041 4241 Nec
1102 4178 1300 4243 etiam
1362 4176 1565 4243 esset·
1597 4196 1959 4241 consonum
2007 4177 2344 4263 aequitati,
2391 4185 2466 4241 ut
2507 4176 2844 4242 locatores
2883 4174 2942 4237 fi-

574 4263 715 4327 nita
774 4262 1101 4329 locatione
1161 4265 1369 4349 gratis
1429 4264 1740 4331 tollerent
1800 4262 2135 4329 metallum
2186 4273 2521 4331 exsectum
2569 4264 2938 4348 sumptibus
