3150 5017
1228 312 1527 377 „439
1615 346 1690 361 -·-

272 478 636 563 exibimus,
682 480 891 548 donec
934 502 1053 569 per
1074 500 1217 547 'nos
1274 491 1389 549 aut
1432 505 1549 570 per
1586 485 1728 571 jam
1773 482 2018 551 dictum
2065 483 2400 549 dominum
2447 481 2656 549 archi·

272 568 667 654 episcopum
713 569 783 633 in
829 568 1044 635 locum
1106 567 1395 635 defuncti
1426 590 1662 657 aeque
1723 570 1964 657 dignus
2005 570 2206 637 fuerit
2247 568 2657 655 subrogatus.

414 695 419 702 ·
458 670 535 736 Si
579 680 795 738 autem
858 672 1073 739 dictus
1134 675 1441 740 dominus
1500 673 2032 763 archiepiscopus
2093 681 2160 739 et
2217 693 2338 737 sua
2379 673 2660 738 ecclesia

265 758 388 844 jus
436 767 760 841 nostrum,
806 760 981 847 quod
1025 759 1342 828 habemus
1385 764 1455 827 in
1480 762 1836 850 praedictis
1881 761 2098 843 bonis,
2141 758 2398 826 nollent
2441 779 2656 825 emere

272 844 386 909 vel
435 867 576 910 non
668 855 905 924 essent,
952 857 1299 936 postquam
1357 851 1520 936 ipsis
1577 870 1620 914 a
1663 846 1856 914 nobis
1898 855 2074 913 esset
2117 846 2504 929 exhibitum,
2545 846 2657 911 vel

268 953 396 1017 per
442 954 570 997 sex
658 935 826 998 ictos
869 933 1335 1001 ministeriales
1392 936 1593 1001 fuerit
1651 936 2098 1002 aestimatum:
2158 955 2244 999 ex
2287 941 2445 999 tunc
2510 933 2657 998 aliis

271 1038 395 1083 seu
442 1018 574 1084 alii:
608 1020 677 1084 in
722 1019 993 1085 feudum
1062 1022 1379 1105 conferre,
1440 1022 1748 1105 vendere,
1794 1021 2089 1108 obligare
2133 1020 2241 1086 vel
2284 1020 2418 1086 alio
2464 1020 2657 1085 modo

270 1104 581 1172 alienare
628 1107 803 1173 licite
848 1108 1252 1194 potuerimus
1281 1111 1671 1197 cuicunque,
1701 1109 2052 1177 dummodo
2067 1109 2204 1195 juri
2227 1106 2386 1173 dicti
2408 1106 2656 1172 domini

270 1194 763 1284 archiepiscopi
786 1202 853 1260 et
872 1193 1431 1281 ipsius·ecclesiae
1450 1198 1521 1261 in
1544 1195 1728 1263 nullo
1771 1194 2245 1286 praejudicium
2288 1204 2654 1281 generetur.

436 1297 748 1363 'Nomina
778 1318 934 1364 vero
965 1307 1349 1377 castrorum,
1395 1300 1806 1389 oppidorum,
1851 1302 2307 1379 munitionum,
2347 1300 2654 1367 termino·

269 1404 445 1465 rum,
498 1384 909 1451 districtuum
955 1389 1488 1472 praenominatae
1532 1400 1746 1457 terrae
1812 1409 1931 1454 seu
1973 1384 2303 1453 marchiae
2347 1386 2655 1452 Lusatiae

272 1480 434 1536 sunt
480 1471 681 1537 haec:
742 1473 1093 1539 Praedicta
1136 1476 1311 1539 enim
1356 1483 1534 1541 terra
1577 1496 1695 1541 seu
1737 1475 2029 1540 marchia
2071 1473 2379 1539 Lusatiae
2423 1474 2656 1560 incipit

272 1557 363 1623 ab
410 1558 535 1623 illa
579 1568 763 1645 parte
808 1581 1018 1648 aquae
1061 1558 1294 1627 Damis
1354 1570 1419 1629 et
1478 1563 1770 1629 continet
1811 1564 1882 1627 in
1943 1582 2014 1628 se
2057 1568 2298 1627 terram
2343 1558 2650 1643 Zarowe3

271 1645 436 1710 item
486 1646 825 1733 praedicta
867 1659 1043 1713 terra
1084 1648 1322 1735 incipit
1379 1648 1463 1717 ab
1526 1648 1830 1717 Oelstera
1885 1650 1955 1715 ni
2037 1668 2076 1713 a
2136 1655 2202 1713 et
2288 1646 2654 1713 retenditur

270 1752 493 1821 usque
539 1734 625 1799 ad
671 1732 978 1815 Oderam,
1024 1744 1090 1799 et
1132 1736 1219 1801 ab
1262 1733 1483 1803 Odera
1540 1756 1620 1802 us
1665 1757 1750 1801 ue
1801 1734 1889 1801 ad
1980 1736 2206 1801 uvium
2301 1732 2458 1800 tube
2503 1743 2568 1801 et
2612 1756 2653 1799 a

267 1816 485 1885 fluvio
531 1819 742 1887 Stube
805 1844 882 1887 us
934 1842 1017 1886 ue
1080 1822 1168 1886 ad
1226 1818 1498 1889 flu‘vium
1544 1822 1644 1889 Bo
1694 1844 1864 1906 erae,
1932 1832 1999 1888 et
2051 1820 2423 1911 specialiter
2463 1824 2534 1887 in
2579 1842 2650 1887 se

268 1908 573 1973 continet
614 1915 854 1974 terram
952 1928 1188 1991 arowe,
1232 1931 1401 2001 qnae
1444 1932 1533 1977 ex
1574 1908 1784 1977 Stube
1828 1930 2036 1997 usque
2080 1907 2166 1974 ad
2207 1908 2480 1977 fluvium
2524 1906 2650 1973 Bo·

271 1993 485 2061 berae
509 1996 906 2079 extenditur,
952 2016 1161 2083 usque
1204 1997 1289 2062 ad
1332 1998 1648 2063 terminos
1691 1996 2004 2063 Poloniae
2049 2007 2114 2061 et
2158 2017 2364 2083 usque
2407 1996 2492 2061 ad
2515 2004 2645 2062 ter-

270 2082 498 2147 minos
543 2090 754 2148 terrae
798 2082 1315 2149 Budissinensis.
1400 2082 1568 2151 Item
1629 2085 1923 2150 continet
1963 2085 2036 2148 in
2081 2104 2154 2149 se
2196 2084 2444 2148 curiam
2491 2081 2646 2147 Pre-

269 2166 381 2233 luz
426 2177 502 2234 et
545 2169 857 2257 oppidum
904 2166 1209 2253 Trebule,
1270 2173 1423 2237 item
1496 2178 1782 2237 castrum
1843 2168 2162 2235 Golschin
2223 2179 2288 2235 et
2332 2168 2647 2257 oppidum

265 2264 333 2321 et
378 2264 675 2322 castrum
736 2256 1036 2339 Lucowe,
1083 2258 1396 2343 oppidum
1442 2256 1706 2325 Ohubin
1752 2265 1817 2325 et
1873 2257 2191 2344 oppidum
2251 2265 2317 2321 et
2361 2266 2645 2322 castrum

265 2340 588 2423 Lubratz,
632 2354 915 2409 castrum
963 2344 1390 2428 Schedolove,
1435 2366 1519 2431 op
1568 2345 1748 2409 idum
1775 2352 1840 2409 et
1861 2353 2144 2409 castrum
2170 2341 2647 2429 Sprevenberg,

263 2432 460 2496 curia
507 2428 972 2514 Dannenrode,
1034 2431 1347 2519 oppidum
1405 2432 1512 2497 Ka
1540 2454 1663 2497 ove
1723 2439 1788 2497 et
1841 2452 2083 2497 novum
2131 2439 2416 2496 castrum
2465 2431 2644 2517 apud

262 2514 627 2584 Hodebutz
672 2540 819 2583 cum
864 2518 1107 2605 oppido
1153 2528 1219 2585 et
1262 2528 1474 2585 castro
1496 2518 1868 2602 Hodebutz,
1913 2528 2200 2585 castrum
2244 2516 2643 2600 Lubbenow‚

260 2605 425 2669 item
497 2612 781 2669 castrum
840 2614 907 2671 et
967 2604 1279 2693 oppidum
1338 2605 1785 2689 Vredeburch‚
1848 2614 2132 2672 castrum
2198 2614 2264 2671 et
2329 2603 2644 2690 oppidum

263 2689 845 2779 Scheickendorp,
892 2704 1177 2758 castrum
1222 2702 1289 2758 et
1332 2694 1644 2781 oppidum
1688 2692 1988 2776 Trebitz,
2035 2693 2288 2758 curiam
2349 2693 2644 2769 Zinnica,

261 2788 558 2844 castrum
604 2778 1106 2865 Rychenwalde,
1150 2779 1396 2845 curiam
1440 2779 1914 2862 Reineswalde,
1962 2802 2112 2845 cum
2153 2780 2352 2862 villis,
2399 2778 2645 2846 molen-

267 2864 473 2949 dinis,
516 2865 724 2949 silvis,
769 2864 1167 2948 nemoribus,
1211 2864 1594 2933 fluminibus
1661 2873 1728 2931 et
1769 2866 1920 2932 aliis
1963 2865 2210 2932 ibidem
2257 2867 2642 2948 attinentiis,

264 2962 474 3039 prout
517 2955 816 3041 superius
860 2961 962 3019 est
1004 2972 1412 3040 expressum.

446 3064 529 3131 In
575 3068 765 3154 cujus
810 3066 903 3132 rei
950 3066 1223 3132 evidens
1268 3066 1711 3133 testimonium
1755 3086 2071 3152 praesens
2117 3067 2430 3154 scriptum
2490 3066 2644 3136 inde

269 3152 648 3220 confectum
692 3155 901 3220 nostri
944 3151 1144 3240 sigilli
1189 3154 1552 3221 munimine
1595 3153 1872 3220 fecimus
1915 3154 2324 3222 communiri.

448 3267 677 3356 Testes
696 3275 851 3333 sunt
872 3267 1292 3334 honorabiles
1322 3269 1483 3333 viri:
1527 3266 1952 3335 Bernhardus
1982 3268 2396 3355 praepositus
2429 3268 2642 3335 dictus

270 3351 355 3418 de
400 3352 693 3441 Welpia,
738 3355 1061 3442 Ropertus
1107 3354 1188 3421 de
1218 3353 1549 3423 Mansfeld
1574 3356 1994 3438 camerarius,
2039 3354 2194 3421 Otto
2225 3353 2308 3422 de
2329 3356 2644 3423 Brzerma

270 3448 523 3521 cantor,
564 3441 987 3509 Burchardus
1018 3441 1099 3508 de
1123 3440 1485 3529 Schrapelo
1507 3444 1833 3529 magister,
1875 3441 2317 3510 Heidenricus
2339 3443 2420 3510 de
2437 3442 2642 3531 Zupa,

270 3528 609 3595 Henricus
654 3528 735 3593 de
779 3528 1257 3615 Prunnenberg
1320 3530 1624 3595 canonici
1666 3529 2260 3616 Magdeburgensis
2303 3530 2640 3597 ecclesiae.

270 3614 549 3681 Nobiles
595 3616 720 3681 viri
764 3616 1107 3684 conradus
1135 3616 1235 3689 ‚de
1278 3614 1657 3702 Wersberg,
1701 3616 2048 3703 Heningus
2082 3617 2163 3682 de
2185 3616 2398 3682 Phula
2423 3616 2640 3684 dictus

273 3702 518 3784 Strutz,
562 3702 931 3770 Richardus
976 3703 1057 3768 de
1099 3702 1388 3788 Alsleve,
1447 3703 2039 3789 Magdeburgensis
2096 3704 2318 3769 curiae
2364 3704 2640 3791 dapifer,

272 3788 515 3875 Heyno
562 3790 963 3857 Grumbertus
1006 3800 1073 3856 ct
1092 3790 1385 3856 Joannes
1430 3789 1511 3856 de
1554 3790 1848 3871 Alsleve,
1893 3788 2316 3857 Hermannus
2361 3789 2442 3857 de
2489 3790 2637 3859 We-

274 3876 546 3959 derden,
608 3877 819 3943 dictus
880 3877 963 3943 dc
1021 3877 1461 3964 Warmpoter,
1523 3874 1871 3945 Gherekus
1943 3876 2286 3965 Landhoy,
2346 3876 2390 3943 J
2392 3897 2638 3944 oannes

276 3961 361 4029 de
426 3964 811 4031 Wreceleve
832 4015 848 4046 ,
928 3964 1223 4031 Joannes
1301 3964 1742 4050 burggravius
1831 3966 1912 4030 de
1985 3964 2310 4052 Lynorch,
2394 3964 2637 4031 milites

276 4060 343 4115 et
388 4050 857 4117 ministeriales
902 4074 977 4117 su
1026 4050 1319 4118 radietae
1363 4050 1955 4137 magdeburgensis
1979 4052 2313 4129 ecclesiae,
2358 4073 2482 4119 nec
2505 4073 2638 4117 non

278 4139 431 4203 Otto
476 4148 542 4204 et
584 4138 769 4205 Bado
831 4137 911 4203 de
1018 4138 1247 4206 lborch
1296 4139 1544 4224 junior,
1606 4138 2084 4207 Fredehelinus
2144 4140 2228 4206 de
2292 4139 2634 4213 Kodebuz,

274 4224 701 4291 Fridhelinus
744 4234 812 4289 et
851 4224 1279 4291 Bernhardus
1319 4225 1555 4291 fratres
1599 4224 1680 4291 de
1740 4225 1941 4308 Paoh,
1998 4228 2290 4295 Joannes
2345 4234 2412 4293 et
2468 4224 2635 4292 Her-

278 4333 561 4378 mannus
604 4311 989 4397 burggravii
1050 4312 1130 4378 de
1190 4312 1493 4399 Gholsyn
1552 4314 1790 4381 tratres
1849 4313 1930 4379 dc
1989 4313 2480 4400 Chandesberg,
2524 4312 2634 4380 Al·
