3150 5017
1536 298 2010 367 —1oe—

580 476 641 555 ξ.
666 477 729 538 4.
755 471 845 537 Et
868 473 920 537 si
942 470 1177 559 aliquis
1204 471 1399 539 alicui
1430 476 1721 541 minatur

576 559 956 623 incendium
1000 581 1220 624 coram
1253 560 1543 627 honestis
1556 563 1718 627 viris

578 647 690 733 qui
705 646 998 725 audiunt,
1044 646 1157 711 ille
1173 650 1278 713 cui
1294 652 1507 714 minas
1538 649 1719 733 fecit,

578 734 633 797 si
677 732 839 817 vult,
884 745 1099 821 potest
1130 756 1277 799 eum
1322 738 1718 803 convincere

576 822 1005 901 met-tertius3
1052 823 1107 886 si
1143 834 1363 889 autem
1386 846 1520 888 non
1550 823 1716 907 vult,

576 908 734 994 quia
776 930 911 974 non
956 908 1228 991 audivit,
1254 932 1372 997 per
1392 910 1559 977 alios
1583 918 1720 977 tres

574 996 753 1059 viros
813 996 925 1080 qui
946 1084 961 1097 ο
1000 994 1427 1080 audiverunt,
1503 1006 1716 1085 potest

576 1102 722 1145 eum
770 1102 1182 1149 convincere.

746 1168 1009 1235 XXXII.
1090 1171 1257 1235 Item
1336 1172 1549 1237 omnis
1613 1196 1713 1238 sa·

576 1253 857 1341 crilegus
902 1258 1014 1343 qui
1060 1258 1129 1321 in
1156 1258 1437 1324 ecclesia
1466 1258 1713 1327 furtum

576 1340 824 1426 fecerit,
870 1343 1060 1409 rotali
1086 1366 1303 1431 poena
1326 1346 1710 1432 subjacebit.

747 1517 1038 1584 XXXIII.
1144 1520 1509 1586 Statuimus
1535 1573 1551 1602 ,
1636 1532 1710 1587 ut

573 1601 795 1669 nullus
824 1614 1166 1687 mercator,
1188 1608 1468 1691 institor,
1502 1608 1711 1673 taber-

574 1698 769 1756 nator
790 1688 898 1755 vel
942 1690 1235 1757 Judaeus
1282 1716 1405 1759 nec
1449 1695 1709 1782 aliquis,

576 1777 829 1863 aliquas
854 1800 958 1841 res
984 1779 1463 1847 ecclesiasticas
1496 1784 1563 1846 in
1612 1787 1710 1869 pi·

576 1886 779 1949 gnore
824 1864 931 1930 vel
978 1866 1063 1930 ad
1113 1870 1507 1935 servandum
1554 1872 1716 1937 reci·

574 1951 730 2036 piat,
774 1953 905 2017 nisi
941 1952 1063 2018 sub
1108 1965 1287 2021 certo
1306 1958 1712 2041 testimoni03

575 2046 640 2102 et
684 2040 740 2102 si
787 2040 932 2126 quis
964 2052 1192 2107 contra
1228 2042 1475 2127 fecerit,
1499 2066 1716 2131 poena

576 2124 959 2191 condecenti
1006 2131 1329 2213 punietur.

748 2799 1039 2867 XXXIV.
1123 2808 1185 2885 ξ.
1272 2758 1477 2871 1..Βί
1561 2810 1709 2894 quis

574 2886 768 2950 alicui
812 2887 1236 2975 indignanter
1296 2891 1555 2980 alapam
1605 2893 1710 2961 de-

448 2992 455 2999 ·
572 2970 760 3054 derit,
806 2974 913 3039 vel
938 2977 1007 3039 in‘
1032 2975 1260 3042 dentes
1284 2983 1709 3064 percusserit:

568 3056 780 3123 tribus
822 3061 1099 3127 testibus
1144 3067 1503 3149 convictus,
1542 3091 1707 3135 mar·

443 3214 451 3221 ,
572 3165 717 3209 cam
778 3150 1033 3231 argenti
1096 3148 1311 3231 dabit3
1388 3162 1521 3218 tres
1584 3155 1707 3221 fer-

569 3238 759 3296 tones
802 3232 1001 3318 laeso,
1038 3236 1251 3321 judici
1296 3239 1485 3304 cedet
1516 3263 1706 3309 unus.

1823 482 2032 540 vetur.
2051 477 2110 557 §-
2127 472 2187 539 4.
2204 474 2291 540 Et
2301 474 2358 539 si
2373 474 2520 560 quis
2541 472 2728 537 alteri
2753 475 2947 539 mina-

1825 570 1934 625 tur
1977 561 2356 627 incendium
2404 582 2622 626 coram
2672 558 2947 627 honestis

1823 650 2002 729 viris,
2029 650 2141 733 qni
2167 647 2466 729 audiunt,
2481 646 2596 712 ille
2619 648 2724 711 cui
2747 647 2948 711 minas

1823 736 2117 817 incussit,
2185 736 2240 801 si
2301 734 2477 817 vult,
2537 742 2752 822 potest
2802 754 2947 799 eum

1823 823 2216 887 convincere
2263 822 2690 904 met-tertius3
2745 822 2797 885 si
2837 842 2950 885 au-

1821 917 1952 973 tem
1997 929 2131 973 non
2160 908 2317 991 vult,
2344 909 2498 995 quia
2522 930 2654 973 non
2687 906 2947 989 audivit,

1821 1017 1938 1081 per
1983 994 2147 1061 alios
2191 1004 2326 1061 tres
2369 998 2567 1077 viros,
2614 996 2726 1082 qui
2773 993 2950 1059 audi-

1821 1083 2054 1163 verint,
2117 1091 2331 1165 potest
2395 1104 2546 1148 eum
2591 1082 2949 1148 convicere.

1993 1168 2261 1235 XXXII.
2347 1170 2447 1233 De
2489 1168 2794 1255 sacr-dego
2835 1172 2946 1255 ju·

1819 1257 2070 1321 dicium.
2116 1256 2284 1321 Item
2330 1257 2542 1321 omnis
2579 1256 2951 1341 sacrilegus,

1819 1344 1934 1430 qui
1975 1345 2046 1408 in
2091 1343 2370 1409 ecclesia
2413 1343 2662 1409 furtum
2707 1342 2950 1424 fecerit,

1818 1428 2012 1495 rotali
2055 1452 2310 1515 poenae
2357 1429 2717 1515 subjaceat.

1990 1516 2292 1583 XXXIII.
2334 1518 2434 1581 De
2447 1517 2632 1581 rebus
2647 1517 2949 1581 ecelesiae.

1819 1602 2200 1686 statuimus,
2223 1614 2296 1669 ut
2337 1604 2562 1669 nullus
2609 1614 2947 1685 mercator,

1817 1691 2095 1771 institor,
2116 1691 2495 1757 tabernator
2531 1691 2639 1756 vel
2663 1691 2704 1756 J
2707 1691 2952 1756 udaeus

1818 1798 1944 1841 nec
2001 1776 2238 1863 aliquis
2298 1777 2466 1843 alter
2531 1778 2788 1865 aliquas
2853 1798 2955 1842 res

1819 1862 2297 1929 ecclesiasticas
2327 1866 2394 1929 in
2428 1865 2705 1951 pignore
2737 1864 2842 1930 vel
2874 1864 2954 1929 ad

1821 1958 2216 2017 servandum
2277 1954 2586 2039 recipiat,
2647 1954 2778 2017 nisi
2837 1950 2954 2017 sub

1821 2047 1996 2103 certo
2012 2040 2406 2120 testimonio,
2421 2048 2486 2104 et
2499 2041 2556 2105 si
2574 2041 2722 2125 quis
2731 2048 2956 2105 contra

1821 2124 1947 2189 hoc
1989 2125 2237 2207 fecerit,
2282 2147 2498 2211 poena
2571 2128 2866 2205 unietur3
2903 2126 2953 2189 si

1821 2234 1926 2276 res
1971 2211 2168 2277 fuerit
2202 2212 2400 2299 juxta
2441 2234 2528 2277 va
2557 2235 2736 2279 orem
2761 2216 2952 2279 unius

1821 2319 2097 2380 marcae,
2121 2320 2406 2363 marcam
2433 2299 2674 2381 solvet3
2699 2302 2752 2365 si
2763 2302 2953 2387 juxta

1821 2384 1882 2449 X
1905 2406 2179 2468 marcas,
2205 2384 2353 2451 illas
2375 2386 2594 2452 solvet
2621 2387 2728 2452 vel
2751 2406 2949 2453 manu

1819 2472 2146 2557 privetur3
2209 2473 2265 2537 si
2331 2474 2510 2538 ultra
2572 2474 2636 2539 X
2680 2496 2946 2555 marcas,

1819 2556 1988 2623 collo
2046 2560 2382 2645 privetur3
2457 2560 2539 2625 de
2615 2561 2679 2626 X
2737 2571 2949 2626 autem

1819 2646 2058 2708 marcis
2101 2647 2294 2709 tertia
2335 2664 2494 2731 pars
2539 2648 2732 2713 cedet
2753 2647 2948 2713 eccle-

1819 2730 1971 2806 siae,
1992 2732 2186 2795 tertia
2203 2731 2433 2816 judici,
2467 2736 2665 2799 tertia
2695 2736 2948 2819 juratis.

1988 2818 2281 2883 XXXIV.
2328 2820 2429 2883 De
2447 2822 2562 2884 ala
2609 2823 2823 2886 izante
2839 2820 2948 2885 ali-

1815 2924 1939 2966 um.
1987 2908 2049 2985 ξ.
2102 2905 2154 2968 1.
2204 2903 2273 2969 Si
2321 2909 2468 2993 quis
2514 2930 2552 2971 a
2581 2909 2706 2973 teri
2745 2908 2944 2992 indig-

1813 2998 2050 3053 nanter
2093 2990 2352 3077 alapam
2401 2992 2678 3078 dederit,
2725 2994 2835 3061 vel
2871 2993 2947 3058 ad

1815 3075 2042 3141 dentes
2075 3081 2499 3162 percusserit:
2551 3081 2768 3147 tribus
2807 3104 2944 3147 con-

1812 3162 2026 3226 victus
2070 3164 2348 3229 testibus
2377 3188 2663 3233 marcam
2697 3168 2944 3255 argenti

1813 3246 1998 3313 dabit
2039 3250 2201 3331 (tres
2245 3251 2560 3337 fertones)
2606 3256 2815 3338 laese,
2851 3256 2943 3343 ju-

1811 3333 1940 3398 dici
1986 3357 2308 3419 marcam,
2359 3341 2602 3426 juratis
2667 3345 2944 3409 mediam

1810 3442 2119 3486 marcam.
2165 3428 2228 3505 ς.
2274 3426 2336 3489 2.
2379 3428 2481 3491 Dc
2523 3430 2742 3515 viyore
2768 3430 2941 3517 pacis

1805 3508 2102 3572 indictae.
2164 3510 2291 3589 Qui
2337 3534 2569 3598 pacem
2617 3516 2748 3583 sibi
2798 3537 2839 3581 a
2848 3519 2941 3603 ju·

1807 3592 1953 3657 dice
1995 3594 2309 3661 indictam
2333 3601 2558 3667 verbis
2582 3602 2938 3675 violaverit,

1806 3681 2010 3743 actori
2028 3682 2096 3743 in
2121 3682 2236 3747 LX
2253 3684 2484 3751 solidis
2496 3690 2936 3775 respondebit.

1807 3766 1866 3845 ξ.
1915 3765 1975 3830 3.
2020 3768 2120 3831 De
2157 3768 2382 3854 qladio
2411 3778 2775 3860 evaqinato.
2821 3776 2939 3857 Qui

1804 3849 2096 3934 gladium
2157 3876 2376 3923 coram
2424 3862 2670 3947 juratis
2729 3863 2936 3948 evagi-

1803 3939 2066 4002 naverit
2108 3962 2307 4028 super
2351 3946 2660 4033 aliquem,
2688 3954 2936 4016 convic-

1801 4032 1929 4105 tus,
1989 4030 2197 4091 actori
2255 4031 2448 4098 cedet
2505 4057 2644 4101 una
2705 4058 2930 4103 marca.

1801 4112 1866 4191 ξ.
1909 4110 1970 4175 4.
2017 4112 2118 4176 De
2159 4116 2411 4182 vulnere
2440 4122 2634 4205 facto
2681 4147 2728 4189 a
2763 4123 2926 4212 pari.

1803 4194 1874 4258 Si
1933 4198 2078 4282 quis
2147 4202 2349 4267 alium
2410 4208 2813 4295 vulnaverit,
2877 4216 2931 4273 et

1801 4279 2012 4347 eidem
2059 4288 2434 4359 satisfacere
2487 4316 2626 4361 non
2689 4299 2932 4387 poterit,
