3150 5017
1166 295 1640 368 ...209-

234 475 277 526 5.
304 471 549 528 Hedwiea
583 473 799 527 Budolfi
836 473 951 532 filia
982 475 1168 539 altera,
1207 476 1471 542 desponsa
1506 483 1586 530 est
1623 479 1892 539 Otticone‚
1939 481 2032 544 qui
2065 480 2282 534 ottonis
2329 479 2586 534 marchio-

234 545 304 596 nis
334 544 489 596 frater
522 549 657 596 natu
692 545 867 596 minor
902 550 1031 598 erat.

405 613 485 665 Ad
528 613 671 664 hanc
717 613 1026 682 pactionem
1072 615 1351 667 referenda
1388 622 1529 682 sunt,
1566 633 1704 684 quae
1738 617 1880 684 apud
1916 617 2143 680 Cosmae
2179 619 2590 672 Continuatores

234 683 285 732 in
314 681 450 733 hunc
483 682 701 734 modum
738 683 939 750 scripta
971 683 1259 750 legunturt
1301 686 1493 749 „Circa
1523 685 1828 738 Wilelmow
1845 689 2227 739 monasterium
2262 703 2354 741 rex
2390 682 2606 741 nadal--

233 752 351 818 phun
381 767 499 804 ‚cum
536 754 687 804 omni
718 767 823 806 sua
856 755 1101 818 potentia
1135 755 1221 805 bis
1255 756 1405 806 stetit
1439 759 1491 805 et
1526 755 2020 822 Brandeb‘nrgensis
2064 757 2302 810 marchio
2339 761 2392 810 et
2425 759 2589 810 duces

234 821 465 874 Poloniae
497 828 881 876 convenerunt.
946 823 1121 874 Facta
1156 829 1239 875 est
1274 829 1474 882 *autem
1526 824 1798 880 distractio
1833 827 1984 892 regni
2017 826 2284 882 Boemine·
2305 833 2359 879 et
2393 827 2588 882 divisio

230 891 363 956 juxta
394 891 652 957 placitum
684 896 745 960 ‚et
780 891 1110 944 voluntatem
1147 893 1289 962 regis
1320 892 1594 959 Rudolphi
1629 895 1786 948 electi
1797 895 2178 947 Romanorum.
2211 889 2587 952 Br'amburien-

232 962 296 1010 sis
325 959 554 1011 marchio
590 961 823 1031 obtinuit
856 961 1129 1027 Pragense
1166 967 1400 1013 castrum
1455 978 1578 1013 cum
1616 963 1806 1029 majori
1842 969 1992 1029 parte
2026 961 2298 1031 Boemiaej
2347 966 2451 1017 dux
2481 967 2586 1027 ⁴1³0-

233 1030 387 1080 loniae
434 1027 677 1082 Kladsko
731 1031 1082 1096 provinciam,
1130 1031 1318 1098 reg-ina
1365 1035 1571 1097 partem
1621 1049 1688 1084 cu
1713 1052 1735 1068 ν
1797 1032 1907 1084 filio
1960 1029 2308 1100 wencesla03
2345 1035 2588 1088 Moravia

233 1099 373 1150 etiam
404 1101 459 1150 in
494 1099 677 1166 plures
712 1105 889 1166 partes
925 1100 1091 1152 fertur
1126 1111 1245 1153 esse
1280 1100 1588 1154 dimota!
2135 1133 2143 1140 -

1347 1383 1447 1444 72.

305 1479 813 1622 Privilegium
866 1513 1272 1618 Rudolphi
1322 1453 1844 1600 Romanorum
1896 1516 2118 1622 regis
2177 1516 2502 1605 civitati

1046 1617 1393 1725 Egrensi
1445 1619 1734 1704 datum.
2247 1661 2250 1663 Α

1112 1775 1311 1857 1279,
1358 1776 1414 1838 7.
1459 1775 1664 1841 Junii.

380 1933 551 2000 Supra
564 1932 686 2000 (sub
713 1947 767 1982 n.
787 1931 878 1997 54)
914 1930 1229 2000 retulimus„
1252 1931 1519 1989 Bohemos
1553 1947 1604 1984 a.
1643 1933 1778 1983 1265
1814 1933 2087 1997 regionem
2123 1934 2416 2000 Egrensem
2451 1948 2583 1988 suae

230 1999 421 2054 ditionis
444 2001 650 2066 fecisse,
688 1999 810 2051 dein
844 2001 968 2066 (sub
1000 2016 1053 2050 n.
1075 2001 1163 2066 63)
1203 2001 1467 2066 Bavariae
1504 2001 1708 2066 ducem·
1721 2001 1813 2066 jus
1849 2016 2002 2052 suum
2039 2001 2180 2068 quod
2217 2003 2276 2052 in
2311 2004 2584 2068 regionem

228 2073 495 2138 Egi-ensem
531 2071 741 2136 habuit,
777 2069 891 2136 regi
923 2071 1145 2122 Otacaro
1182 2069 1255 2122 11.
1292 2073 1533 2122 cessisse.
1604 2070 1792 2136 Neque
1840 2070 1960 2122 ideo
2015 2070 2084 2120 lis
2131 2070 2196 2122 de
2231 2073 2452 2138 regione
2487 2071 2585 2123 illa

228 2143 287 2192 ad
316 2141 465 2193 finem
502 2145 585 2191 est
615 2140 889 2206 perducta.
958 2139 1262 2191 Ludovicus
1310 2155 1491 2192 comes
1542 2139 1816 2206 palatinus
1869 2138 2044 2190 Rheni
2080 2139 2222 2206 apud
2258 2155 2434 2207 regem
2471 2141 2582 2192 Ru·

229 2210 457 2276 delphum
494 2209 785 2263 commodis
812 2209 1115 2272 Premyslai
1152 2208 1371 2265 Otscari
1408 2210 1481 2265 11.
1520 2209 1752 2265 maxime
1785 2209 2209 2275 adversabatur3
2247 2223 2330 2262 res
2365 2211 2582 2264 tandem

225 2282 291 2332 ita
320 2283 525 2344 peracta
577 2283 674 2346 eet,
727 2283 785 2331 ut
838 2277 1156 2344 Rudolphus
1204 2283 1450 2346 pactione
1486 2278 1889 2332 vindobonensi
1941 2278 2016 2342 (n.
2057 2280 2144 2342 67,
2179 2279 2274 2345 ΙΙ.)
2309 2277 2582 2345 pollicitus

229 2351 287 2400 sit
318 2365 371 2400 se
404 2347 881 2415 oppignoraterum
918 2362 1034 2399 esse
1068 2349 1340 2413 regionem
1375 2350 1670 2414 Egrensem
1725 2347 1793 2398 ab
1846 2346 2079 2398 Otacaro
2115 2347 2164 2398 ei
2201 2347 2452 2400 traditam
2487 2364 2584 2416 pro

231 2417 335 2469 dote
365 2417 505 2468 filiae
541 2431 671 2469 snae
708 2415 819 2468 filio
856 2415 1077 2467 Otacari
1114 2417 1426 2484 desponsae,
1464 2433 1623 2482 quam
1660 2418 1933 2483 regionem
1969 2421 2149 2468 tamen
2176 2422 2235 2468 ut
2247 2418 2583 2483 provinciam

230 2489 566 2538 Romanorum
602 2487 755 2554 regni
790 2489 997 2538 mortuo
1038 2485 1271 2538 Otaearo
1308 2488 1608 2554 occupavit.

411 2557 477 2608 A.
514 2558 650 2608 12⁷9
686 2554 1000 2620 Rudolphus
1027 2571 1117 2606 rex
1146 2554 1276 2618 jura
1310 2555 1544 2610 civitatis
1581 2557 1836 2622 Egi-ensis
1882 2554 2238 2622 confirmavit,
2288 2561 2349 2610 ut
2401 2555 2585 2610 edoce-

228 2641 327 2677 mur
359 2627 519 2678 literis
555 2627 614 2676 in
649 2625 915 2678 tabulario
952 2625 1181 2676 civitatis
1217 2626 1505 2679 asservatis
1541 2631 1594 2676 et
1631 2640 1665 2677 a
1704 2625 1952 2692 Gauppio
2002 2627 2060 2674 in
2095 2625 2236 2684 libro
2275 2625 2584 2690 „Deutsche

232 2685 539 2749 Stadtrechte
576 2694 671 2745 des
707 2691 1078 2745 Mittelalters“
1120 2695 1519 2748 accuratissime
1555 2695 1702 2761 typis
1739 2693 2037 2759 exscriptis.

380 2813 789 2900 liudolphus,
830 2813 957 2878 Dei
998 2815 1209 2898 gratia
1266 2814 1709 2879 Romanorum
1755 2835 1878 2879 rex
1935 2835 2193 2900 semper
2251 2825 2587 2900 augustus,

232 2901 508 2968 omnibus
552 2901 1059 2986 imperpetuum.

381 2987 645 3074 Regalis
703 2985 923 3051 throni
984 2985 1354 3051 sublimitas
1416 2985 1808 3051 sublimatur
1869 2985 2216 3051 sublimius
2267 2995 2333 3051 et
2375 2987 2444 3051 in
2492 3009 2590 3052 sa·

235 3073 521 3140 lutarium
572 3072 737 3138 solio
782 3070 1057 3138 solidius
1102 3071 1438 3155 solidatur,
1486 3077 1790 3158 quotiens
1835 3074 1904 3136 in
1951 3070 2285 3158 subjectos
2348 3072 2591 3138 exube-

237 3171 327 3226 rat
363 3163 572 3248 gratia
617 3160 883 3246 pietatis
929 3160 1093 3245 ipsis
1138 3181 1209 3224 se
1255 3157 1579 3225 exhibens
1645 3169 1710 3224 et
1755 3161 1824 3224 in
1859 3159 2124 3244 justitia
2167 3158 2364 3224 facile
2409 3169 2476 3224 et
2517 3160 2588 3225 in

235 3249 423 3332 gratia
462 3245 755 3313 liberale.
818 3246 1091 3311 Noverit
1134 3246 1335 3330 igitur
1381 3267 1695 3331 praesens
1742 3253 1924 3310 aetas
1972 3252 2038 3309 et
2081 3244 2286 3309 futuri
2330 3251 2577 3331 tempo-

236 3335 315 3398 ris
350 3353 733 3400 successura
790 3333 1155 3418 posteritas,
1215 3330 1393 3418 quod
1451 3353 1572 3396 nos
1634 3332 1786 3397 fidei
1833 3351 2036 3417 purae
2080 3329 2291 3395 zelum
2341 3339 2408 3396 et
2451 3332 2588 3397 sin-

239 3441 406 3485 cerae
462 3420 830 3487 devotionis
893 3419 1328 3484 constantiam
1393 3417 1779 3484 dilectorum
1840 3416 2130 3483 fidelium
2193 3427 2586 3501 nostrorum,

241 3507 455 3572 civium
525 3507 604 3571 de
671 3507 857 3591 Egra
879 3552 897 3587 ‚
965 3506 1080 3591 qui
1144 3505 1297 3570 fidei
1356 3504 1676 3570 naturalis
1737 3526 1869 3592 qua
1930 3502 2125 3569 nobis
2179 3513 2244 3570 et
2301 3503 2588 3591 Imperio

240 3593 769 3680 constringuntur,
814 3591 1072 3656 fervore
1118 3592 1435 3674 succensi,
1482 3591 1568 3656 ad
1607 3601 1902 3657 nostrum
1926 3600 1992 3656 et
2015 3591 2294 3656 Romani
2317 3590 2588 3676 Imperii

242 3701 422 3746 suave
474 3679 837 3750 dominium
904 3682 1371 3760 suntreversi,
1438 3677 1790 3764 benignius
1834 3679 2170 3742 intuentes
2215 3685 2282 3742 et
2325 3685 2591 3763 propter

241 3766 349 3831 hoc
406 3786 804 3853 magnopere
869 3765 1207 3850 cupientes
1274 3786 1501 3830 eorum
1567 3763 2032 3852 tranquillitati
2099 3771 2166 3828 et
2235 3761 2586 3828 vcommodo

241 3849 572 3920 liberaliter
638 3853 966 3939 aspirare:
1026 3852 1367 3917 universas
1440 3853 1688 3936 gratias
1715 3902 1730 3932 ‚
1805 3850 2180 3936 privilegia,
2239 3848 2581 3917 libertates

245 3945 298 4001 et
328 3941 495 4026 jum.
524 3941 689 4027 ipsis
748 3961 789 4004 a
830 3937 1023 4002 -divis
1068 3937 1596 4024 Imperatoribus·
1633 3937 1950 4004 Romanis
1994 3944 2061 4001 et
2101 3933 2394 4020 regibus,
2471 3936 2588 4002 du·

244 4023 404 4091 cibus
439 4037 507 4094 et
548 4024 700 4092 aliis
727 4025 987 4112 imperii
1032 4025 1441 4112 principibus
1484 4024 1746 4091 indulta
1787 4023 2138 4108 benignius
2163 4030 2230 4088 et
2249 4043 2585 4106 concessa,

244 4116 599 4180 auctoritate
653 4111 1017 4199 praesentis
1078 4111 1321 4177 decreti
1384 4111 1467 4176 de
1533 4110 1943 4197 benignitate
2003 4109 2186 4194 regia
2231 4109 2582 4177 confirma-

246 4217 385 4281 mus,
440 4199 753 4286 quasdam
816 4209 1037 4264 tamen
1098 4221 1183 4264 ex
1238 4198 1469 4284 gratiis
1529 4207 1597 4262 et
1639 4196 2054 4268 libertatibus
2099 4195 2260 4282 ipsis
2304 4194 2582 4262 indultis

240 4285 624 4352 confirmatas
668 4282 1127 4372 praesentibus
1173 4291 1588 4353 annotantes.

324 4387 560 4435 ains-x:
588 4392 754 4436 cocu.
780 4392 815 4434 1.
2095 4369 2179 4436 14
