3150 5017
1482 291 1957 357 ...298-

523 463 886 547 absurdum
931 472 1036 533 est
1077 484 1366 550 namquo
1404 464 1601 547 juxta
1623 461 1955 549 legitimas
1977 463 2375 543 sanctiones,
2422 461 2479 529 si
2521 461 2911 546 promiscuis

523 550 782 617 actibus
806 573 1022 617 rerum
1049 548 1398 617 turbentur
1441 550 1677 619 officia.
1721 549 1811 619 Et
1854 549 2073 637 quoad
2096 552 2273 618 hunc
2290 544 2669 635 varticulum,
2722 570 2905 635 prae·

526 646 774 705 sentem
799 638 1330 705 constitutionem
1355 636 1441 701 ad
1465 658 1691 703 omnes
1715 637 2035 704 montium
2055 634 2373 707 officiales
2417 633 2726 704 volumus
2768 642 2919 701 cum

523 723 828 791 omnibus
873 726 1012 793 suis
1056 722 1550 791 conditionibus
1591 724 1951 810 prorogari.

1543 1335 1717 1418 Cap.
1764 1333 1885 1399 ΙΧ.

1277 1452 1380 1517 De
1421 1452 1829 1538 sumptoribus
1868 1450 2168 1517 sarbarae.

695 1590 904 1659 Juxta
927 1590 1224 1656 ordinem
1240 1590 1383 1676 jam
1453 1591 1843 1656 raemissum
1868 1589 1949 1657 de
1974 1591 2366 1676 scriptorum
2390 1589 2608 1656 officio
2656 1609 2916 1657 summe

525 1681 902 1749 necessario
959 1686 1252 1743 nostram
1325 1698 1406 1741 ur
1451 1698 1639 1744 uram
1716 1676 2141 1746 scribentium
2201 1675 2566 1758 videamus,
2602 1680 2915 1762 'quorum

527 1767 878 1835 assertioni
958 1771 1227 1851 propter
1297 1763 1737 1830 ‘uramentum
1809 1787 1927 1851 per
1998 1766 2180 1851 ipsos
2258 1762 2447 1835 nobis
2528 1765 2917 1850 praestitum

529 1852 694 1922 fides
740 1852 1162 1919 exactissima
1205 1849 1285 1914 ad
1337 1849 1572 1917 ibetur.

701 1940 758 2024 ἓ.
803 1941 860 2003 1.
906 1937 1104 2005 Unde
1148 1936 1319 2003 bene
1363 1938 1667 2022 congruit
1711 1938 1971 2018 rationi,
2016 1945 2090 2002 ut
2136 1959 2273 2005 non
2319 1936 2533 2003 solum
2576 1934 2757 2017 boni,
2806 1936 2924 2001 sed

525 2028 832 2095 meliores
875 2024 1066 2091 nobis
1091 2023 1176 2091 ad
1198 2024 1322 2088 hoc
1367 2024 1655 2089 officium
1703 2022 2106 2105 ordinentur,
2154 2028 2221 2101 et
2263 2024 2425 2110 ipsis
2461 2024 2922 2109 juramentum

525 2116 594 2181 in
637 2113 1012 2200 praesentia
1069 2112 1411 2175 camerarii
1473 2112 1702 2191 nostri,
1749 2111 1874 2176 viri
1920 2108 2291 2191 clarissimi,
2356 2118 2581 2177 nostro
2643 2111 2921 2178 nomine

531 2209 876 2281 statuatur,
939 2198 1114 2285 quod
1175 2195 1476 2282 legaliter
1535 2218 1729 2265 suum
1790 2205 2147 2266 exerceant
2200 2196 2509 2277 officium,
2556 2204 2623 2263 et
2666 2216 2919 2283 procu-

527 2295 692 2367 rent,
759 2284 940 2372 quod
1009 2293 1144 2350 tam
1217 2305 1358 2365 nos,
1427 2305 1625 2371 quam
1685 2284 1891 2353 nostri
1952 2286 2249 2356 montani
2308 2284 2377 2351 in
2425 2282 2734 2355 omnibus
2788 2281 2919 2348 sibi

523 2374 890 2449 sommissis
915 2378 1388 2437 conserventur
1410 2370 1838 2457 indempnes;
1884 2390 2009 2438 nec
2054 2371 2361 2458 cuiquam
2408 2390 2497 2435 ex
2540 2388 2769 2435 eorum
2826 2367 2919 2433 of·

523 2459 674 2525 ficio
721 2455 1110 2546 praejudicii
1163 2456 1414 2544 aliquid
1456 2464 1829 2542 generetur,
1877 2456 1994 2523 sed
2030 2457 2361 2542 justorum
2406 2454 2729 2529 roborati
2766 2477 2921 2521 con·

526 2547 788 2625 stantia,
833 2543 1214 2629 nulliusque
1259 2564 1477 2609 errore
1521 2544 1847 2625 concussi,
1874 2552 2007 2611 aut
2028 2542 2275 2626 favore,
2300 2552 2437 2609 aut
2462 2541 2919 2610 blandimento

530 2631 782 2699 seducti
829 2653 869 2695 a
914 2631 1210 2697 veritatis
1256 2628 1522 2699 devient
1565 2630 1841 2709 ratione,
1890 2629 2242 2698 salubriter
2302 2630 2918 2709 animadvertendo,

530 2716 765 2788 melius
825 2738 970 2787 esse
1030 2738 1148 2803 pro
1215 2718 1490 2785 veritate
1551 2718 1689 2803 pati
1753 2716 2171 2803 supplicium,
2232 2738 2429 2803 quam
2476 2738 2727 2801 capere
2802 2738 2919 2804 pro

531 2804 910 2881 adulatione
956 2804 1338 2889 praemium,
1383 2802 1502 2869 sed
1527 2801 1739 2870 solum
1765 2802 1851 2872 ad
1878 2803 2189 2881 Nostram
2232 2812 2605 2889 respectum
2630 2801 2923 2876 habeant

526 2890 968 2977 Majestatem.
1055 2892 1115 2971 ξ.
1162 2890 1224 2955 2.
1284 2888 1574 2977 Ideoque
1622 2891 1895 2959 summis
1952 2889 2203 2975 vigiliis
2246 2890 2557 2957 studeant
2600 2890 2915 2961 insudare

529 2978 886 3044 memoriae
930 2977 1449 3064 praeteritorum,
1495 2978 1810 3048 scientiae
1855 2978 2303 3062 praesentium
2348 2986 2415 3047 et
2457 2974 2917 3062 providentiae

529 3064 919 3145 futurorum,
981 3071 1052 3127 ut
1111 3063 1180 3129 in
1239 3062 1366 3131 hiis
1426 3061 1733 3132 omnibus
1760 3062 1767 3067 ’
1792 3060 2268 3150 circumspecti,
2346 3063 2913 3150 quotienscunque

531 3150 619 3217 ad
661 3152 840 3237 ipsos
885 3159 1219 3236 tamquam
1265 3148 1350 3213 ad
1392 3149 1614 3235 regale
1657 3150 2009 3235 registrum
2068 3151 2363 3237 quaestio
2424 3148 2774 3231 deferatur,
2836 3148 2916 3214 de

531 3240 710 3305 omni
741 3236 1022 3304 ‘metallo
1069 3236 1204 3306 suis
1245 3235 1653 3321 temporibus
1698 3234 1959 3303 sublato
2000 3237 2073 3303 in
2118 3234 2565 3305 montibuset
2604 3256 2695 3303 ex
2744 3236 2915 3302 ensis

531 3325 852 3394 montium
913 3324 1124 3391 sciant
1181 3343 1322 3403 nos,
1384 3331 1450 3388 et
1490 3321 1675 3399 alios,
1723 3342 2001 3409 quorum
2046 3324 2340 3403 interes-t,
2388 3320 2695 3405 indubita
2745 3321 2914 3388 iliter

533 3409 867 3501 expedire,
927 3418 1000 3475 ut
1045 3418 1112 3475 et
1170 3410 1320 3495 ipsi,
1379 3429 1657 3495 quorum
1718 3409 2007 3475 assiduis
2066 3407 2403 3481 laboribus
2461 3417 2601 3473 tam
2644 3409 2909 3491 utiliter,

459 3527 494 3573 ·,
534 3518 731 3584 quam
777 3496 1087 3562 decenter
1129 3504 1354 3561 nostra
1398 3494 1775 3579 respublica
1820 3505 2225 3583 procuratur,
2270 3516 2389 3582 per
2433 3504 2731 3562 nostram
2774 3517 2905 3561 mu·

447 3584 452 3589 ’
533 3583 934 3651 nificentiam
979 3590 1314 3668 tamquam
1361 3584 1674 3649 virtutum
1720 3584 2011 3669 praemia
2055 3592 2398 3663 merentes,
2425 3582 2667 3667 -dignis
2712 3582 2911 3649 bene-

533 3669 698 3735 ficiis
743 3669 1183 3744 consolentur,
1228 3670 1322 3736 ita
1363 3668 1541 3755 quod
1586 3668 1669 3736 de
1714 3670 1897 3754 regia
1939 3670 2316 3756 provisione
2361 3670 2593 3737 merito
2610 3668 2908 3754 ‹glorien-

533 3763 658 3822 tu'r.
748 3759 810 3838 ἓ.
879 3756 941 3821 3.
1013 3754 1332 3822 Volumus
1391 3758 1538 3822 insu
1590 3776 1699 3836 er,
1758 3755 2033 3822 firmiter
2094 3754 2481 3837 statuendof,
2572 3757 2901 3841 quotiens·

535 3862 794 3931 cunque
841 3842 911 3906 in
956 3842 1292 3911 montibus
1339 3842 1560 3928 specia
1586 3843 1643 3911 is
1687 3840 1794 3907 vel
1840 3841 2031 3918 nobis
2074 3843 2145 3909 in
2188 3840 2555 3913 subsidium
2600 3839 2909 3913 indicitur

536 3928 932 3996 contributio
977 3927 1324 4014 generalis,
1363 3929 1621 4014 juratos
1665 3937 1921 3999 nostros
1966 3930 2313 4014 scriptores
2358 3927 2681 4021 habentes
2722 3948 2907 4014 expe·

533 4015 836 4083 rientivam
898 4014 1160 4101 plenam
1219 4017 1511 4088 omnium
1582 4016 1903 4083 montium
1961 4024 2027 4080 et
2080 4013 2415 4082 lucrorum
2461 4014 2897 4101 perurgenti-

532 4100 788 4169 fodium
831 4104 1232 4184 universum,
1275 4124 1428 4167 cum
1465 4102 1706 4188 juratis
1752 4103 2275 4188 montiumipsis
2308 4100 2897 4171 contributionibus

532 4188 870 4270 interesse,
913 4188 1198 4256 fideliter
1261 4187 1739 4273 praecavendo.
1798 4210 1933 4255 non
1992 4196 2067 4255 ut
2127 4187 2489 4261 secundum
2532 4188 2755 4257 odium
2800 4183 2899 4253 vel

534 4273 850 4359 favorem,
908 4274 1026 4341 sed
1083 4282 1160 4340 ut
1215 4276 1666 4363 unusquisque
1720 4275 1917 4357 juxta
1976 4296 2163 4349 suam
2222 4275 2597 4349 contribuat
2638 4272 2900 4350 facult*
