3150 5017
1154 299 1628 375 ——243-

390 470 701 537 Rudolfus
758 470 891 539 Dei
941 472 1163 557 gratia
1228 471 1676 539 Romanorum
1746 492 1864 537 rex
1925 492 2182 557 semper
2241 480 2585 558 augustus.

388 558 714 625 Universis
758 558 926 623 sacri
970 558 1249 625 Romani
1285 560 1546 646 imperii
1588 557 1900 624 fidelibus
1941 568 2321 645 praesentes
2351 560 2587 625 literas

242 648 595 733 inspecturis
636 645 913 731 gratiam
959 666 1146 711 suam
1192 652 1261 711 et
1303 666 1495 711 omne
1536 644 1806 710 bonum.

386 730 485 797 Ad
526 732 975 799 universitatis
1017 740 1279 800 vestrae
1322 732 1624 799 notitiam
1649 733 1952 819 cupimus
1996 733 2362 819 pervenire,
2408 728 2586 818 quod

242 820 483 885 veniens
510 816 609 887 ad
628 816 1041 887 celsitudinis
1083 827 1347 885 nostrae
1390 818 1828 905 praesentiam
1869 817 2145 885 illustris
2188 818 2588 901 Fridericus,

243 903 567 973 Misenensis
610 914 677 972 et
719 904 1081 971 orientalis
1105 904 1416 987 marchio,
1461 905 1652 971 heres
1687 914 1910 972 terrae
1939 905 2270 988 Lusatiae,
2313 905 2588 989 illustris

243 991 537 1077 quondam
595 992 869 1058 Hem-ici
927 992 1326 1059 marchionis
1398 992 1755 1059 Misnensis
1819 992 2050 1079 junior
2107 992 2309 1074 filius,
2368 991 2588 1059 fidelis

242 1087 435 1149 noster
476 1076 773 1181 dilectus,
820 1076 1011 1180 nobi-s
1070 1078 1406 1147 humiliter
1466 1078 1886 1167 supplicavit,
1950 1086 2274 1181 quatenus
2321 1100 2586 1150 suarum

239 1174 1101 1339 {ffizsssssssffissfflff
1126 1165 1454 1327 3:535&
1475 1165 2149 1339 ssssssffgffitsszssfflffl’
2195 1174 2591 1318 affixa?

243 1348 387 1405 atras
416 1341 717 1426 ⁴Recipere
763 1338 1205 1425 dignaremur.
1270 1338 1407 1407 Nos
1451 1341 1590 1405 suis
1635 1340 1890 1405 devotis
1935 1339 2242 1425 precibus
2286 1338 2590 1413 inclinati

241 1424 455 1491 dictam
498 1427 1012 1513 resignationem
1056 1425 1145 1493 ad
1186 1447 1424 1495 manus
1468 1434 1728 1495 nostras
1772 1427 2066 1513 recipere
2132 1424 2591 1511 dignabamur,

240 1509 512 1601 dictoque
558 1510 925 1581 marchioni
968 1514 1241 1579 sinceris
1302 1512 1465 1580 haec
1525 1512 1875 1579 affectibus
1937 1512 2020 1579 de
2067 1514 2354 1593 recenti,
2417 1512 2594 1580 diets

238 1598 391 1664 bens
449 1600 649 1665 nobis
692 1600 1047 1686 resignata,
1096 1598 1347 1685 inclyto
1372 1599 1770 1666 Wenceslao
1813 1600 1952 1687 regi
2057 1598 2374 1675 chemise,
2421 1600 2592 1685 prin-

238 1686 349 1769 cipi
384 1684 641 1751 et‘filio
698 1695 947 1768 nostro,
1016 1687 1462 1754 concessimus
1515 1688 1670 1773 jure
1715 1685 1998 1767 feudali3
2063 1684 2303 1774 quibus
2351 1686 2446 1750 sic
2491 1705 2592 1749 or-

236 1768 367 1841 dine
402 1774 695 1865 peractis
736 1774 917 1839 idem
962 1772 1257 1841 marchio
1304 1771 1523 1839 denuo
1569 1782 1793 1839 nostro
1855 1772 2130 1839 culmini
2177 1772 2598 1859 supplicavit,

243 1856 398 1943 quod
434 1860 975 1947 permutationes-
1004 1859 1217 1926 fectas
1246 1858 1347 1927 ‹de
1390 1861 1600 1941 tem-is,
1648 1860 1932 1946 oppidis,
1993 1860 2248 1941 castris,
2309 1860 2594 1944 argenti-

235 1942 455 2012 fodinis
524 1968 645 2012 seu
684 1946 1197 2034 quibuscunque·
1236 1946 1383 2012 aliis
1444 1946 1644 2012 rebus
1703 1945 1789 2011 ad
1831 1947 2048 2032 ipsum
2100 1948 2254 2033 jure
2299 1946 2596 2031 proprie-

220 2032 371 2097 tatis
414 2032 916 2119 pertinentibus„
979 2035 1119 2098 sive
1165 2054 1251 2099 ex
1294 2040 1571 2119 paterna
1629 2032 1736 2098 vel
1805 2041 2100 2098 materna
2161 2033 2597 2112 successione,

232 2138 333 2209 seu
379 2118 771 2201 donatione,
826 2119 939 2185 vel
999 2141 1392 2206 quocunque
1452 2118 1643 2185 titulo
1712 2118 1799 2185 ad
1865 2120 2084 2205 ipsum
2153 2118 2598 2207 pervenerint,

228 2204 731 2289 ratificaremus3
772 2208 969 2293 ,cujus
1014 2206 1185 2273 vofis
1246 2205 1704 2273 favorabiliter
1760 2215 2130 2271 annuentes
2189 2206 2405 2274 dietas
2447 2227 2596 2291 per-

226 2294 613 2363 mutationes
656 2293 1063 2359 ratificamus
1110 2302 1177 2358 et
1220 2293 1666 2383 approbamus
1719 2313 1838 2379 per
1885 2294 2107 2359 omnia
2151 2292 2596 2381 praesentium

229 2381 598 2447 testimonio
636 2379 1003 2447 *litei-arum.
2511 2381 2516 2387 '

384 2466 623 2534 Testes
668 2468 865 2553 hujus
912 2468 1009 2533 rei
1054 2474 1243 2531 sunt:
1303 2463 1726 2531 Venerabilis
1773 2465 2119 2532 Conradus
2163 2464 2600 2550 Argentinen-

226 2550 309 2616 sis
351 2555 741 2639 episcopus3
806 2552 1097 2619 illustres
1157 2550 1483 2619 Rudolfus
1544 2551 1683 2618 dux
1747 2552 2078 2635 Austrise,
2138 2552 2320 2618 filius
2380 2560 2603 2619 noster

226 2635 667 2715 charissimus,
711 2648 775 2705 et
818 2638 1077 2706 nobiles
1099 2640 1257 2705 viri:
1305 2639 1683 2707 Ludovicus
1715 2638 1798 2705 de
1836 2640 2192 2725 Oettingen
2236 2648 2304 2705 et
2323 2638 2602 2705 Emicho

226 2723 301 2789 de
358 2725 731 2812 Leiningen
792 2727 1085 2808 comites,
1144 2725 1185 2791 J
1188 2746 1435 2794 oannes
1490 2726 1577 2801 ,de
1623 2724 2128 2813 Leuchtenberg
2185 2734 2252 2791 et
2295 2724 2602 2791 Valerius

226 2810 301 2875 de
353 2811 791 2879 Geroldseck.
836 2810 1103 2879 Strenui
1146 2812 1307 2879 viri:
1344 2811 1516 2878 Otto
1556 2810 2004 2899 ‘burggravius
2049 2812 2131 2879 de
2175 2812 2428 2891 Horin3
2471 2813 2600 2879 Ra·

222 2896 503 2966 nuoldus
552 2900 635 2965 de
694 2900 1020 2982 Nemans3
1068 2898 1495 2965 Hermannus
1563 2897 1646 2965 de
1714 2899 2106 2987 Geriinpach3
2175 2897 2602 2967 Hermannus

224 2981 301 3047 de
334 2982 619 3053 Multicz
666 2995 731 3053 et
772 2974 1197 3053 Hermannus
1258 2985 1553 3060 notarius
1615 2985 1786 3051 alius
1831 2995 1895 3053 et
1953 2985 2068 3055 alii
2113 3004 2310 3072 quam
2353 2982 2601 3086 plures.

384 3071 601 3160 Cujus
662 3074 757 3138 rei
814 3094 1132 3159 praesens
1205 3074 1656 3139 testimonium
1729 3083 1798 3141 et
1857 3075 2174 3161 scriptum
2233 3070 2602 3157 majestatis

216 3165 473 3225 nostrae
520 3162 577 3225 si
632 3159 741 3225 illo
774 3161 1097 3247 jussimus
1143 3161 1557 3226 communiri.
1606 3159 1855 3225 Datum
1901 3158 2142 3245 Egi-ae,
2187 3158 2380 3225 tertio
2425 3157 2587 3223 Idus

214 3240 462 3331 Martis,
490 3246 587 3313 In.
630 3248 879 3314 ictione
902 3248 964 3333 2,
989 3269 1164 3313 anno
1186 3246 1738 3345 MGOLXXXIX,
1772 3269 1946 3315 anno
1971 3246 2159 3333 regni
2182 3244 2386 3313 nostri
2415 3244 2602 3311 XIV.

1362 3576 1467 3641 84.

214 3709 547 3795 Litemae
626 3660 1030 3816 Rudolphi
1108 3711 1331 3816 regis
1399 3733 1640 3816 super
1705 3717 1934 3795 terra.
2001 3719 2084 3797 st
2146 3712 2607 3819 principatu

1078 3813 1754 3985 Wratilsglgbviensi.

416 4042 661 4103 Vivente
678 4040 989 4107 Premyslao
1022 4041 1099 4092 11..
1147 4056 1273 4107 rege
1304 4043 1443 4091 inter
1464 4057 1588 4092 eum
1601 4048 1660 4104 et
1679 4043 1972 4094 Henricum
1991 4044 2099 4107 1v..
2135 4043 2323 4099 ducem
2349 4045 2594 4111 silesiae,

212 4116 541 4179 conceptum
578 4110 755 4161 extitit
789 4110 989 4161 dictum
1026 4116 1081 4161 et
1112 4115 1415 4174 tractatum,
1452 4124 1597 4162 anno
1633 4110 1872 4163 nondum
1907 4113 2199 4179 explorato,
2233 4120 2292 4165 ut
2319 4115 2607 4170 decedente

213 4180 347 4233 duee
380 4179 672 4249 praedicto
708 4180 824 4230 sine
857 4180 1043 4231 liberis
1078 4178 1333 4232 masculis
1370 4180 1600 4231 ducatus
1635 4185 1779 4231 totus
1815 4180 2038 4232 silesiae
2074 4181 2290 4234 deberet
2325 4180 2395 4233 ad
2431 4200 2610 4250 regem

211 4256 264 4301 et
297 4266 541 4317 regnum
577 4250 829 4300 Boemiae
864 4250 1111 4301 devenire
1146 4249 1267 4315 jure
1303 4248 1619 4301 hereditario
1656 4250 2027 4316 possidendus,
2066 4258 2117 4303 et
2153 4253 2269 4301 vice
2305 4267 2462 4305 versa
2495 4258 2616 4319 post

210 4326 443 4371 mortem
482 4318 632 4383 regis
666 4318 965 4384 Premyslai
1001 4319 1276 4384 praefatus
1314 4319 1421 4371 dux
1458 4318 1684 4370 Silesiae
1723 4318 2042 4371 Glacensem
2089 4322 2359 4375 civitatem
2397 4327 2450 4374 et
2483 4337 2610 4388 pro-

211 4387 457 4441 vinciam
499 4388 767 4438 obtineret
800 4388 1015 4439 easdem
1052 4386 1349 4454 (Pulkavae
1385 4386 1583 4442 Chron-
1619 4388 1686 4440 ad
1724 4404 1774 4441 a.
1813 4389 1990 4457 1279).
2163 4457 2202 4495 st
