3150 5017
1437 339 1873 406 ...Ἃ-..-

1467 513 1562 576 Re
1610 520 1817 576 estum
1857 559 1871 574 .
2083 559 2091 565 .

635 596 747 662 Sic
793 598 916 662 sibi
959 595 1324 684 spiritualis
1369 513 1464 661 et(
1479 513 1850 664 magei-iaus)
1896 597 2155 680 gladius
2212 604 2475 662 mutuae
2540 602 2845 664 mutuant

466 682 916 750 subventionis
961 683 1282 748 auxilium
1327 691 1394 748 et
1437 683 1726 748 vicissim
1770 683 2259 748 communicant
2306 685 2483 747 vires
2522 703 2713 764 suas,
2772 693 2849 746 ut

464 769 760 834 defectus
805 789 929 856 ope
976 769 1224 835 vicaria
1261 768 1617 854 suppleant
1661 777 1726 834 et
1769 776 2043 854 uterque
2088 767 2355 832 alterius
2389 767 2688 854 perficiat
2722 768 2840 830 im·

461 855 842 938 perfectum.
887 855 1098 921 Decet
1141 855 1317 920 enim
1363 863 1434 918 ut
1479 854 1606 919 sibi
1649 855 1737 918 ad
1778 856 2063 919 invicem
2108 854 2549 938 suffragentur
2570 862 2637 918 et
2664 852 2841 938 apud

461 958 574 1006 eos
614 943 731 1026 qui
773 941 1063 1026 gladium
1111 963 1141 1004 s
1189 939 1516 1006 iritualem
1559 961 1695 1004 non
1739 941 1990 1022 timent,
2026 941 2141 1026 jus
2187 941 2209 1003 i
2260 941 2396 1004 sius
2440 939 2642 1002 armis
2703 938 2843 1024 gla-

461 1027 608 1091 dius
668 1025 1021 1092 materialis
1078 1029 1140 1092 al
1171 1035 1334 1110 eget,
1397 1035 1462 1094 et
1505 1025 1861 1108 spiritualis
1921 1035 2219 1112 tempora
2249 1025 2265 1042 ‘
2284 1074 2303 1106 ‚
2365 1045 2514 1090 cum
2569 1044 2837 1091 necesse

464 1113 696 1188 fuerit,
750 1113 1160 1185 auctoritatis
1205 1133 1366 1178 suae
1405 1111 1609 1178 robur
1651 1111 1989 1198 impendat
2046 1121 2115 1178 et
2168 1109 2418 1180 tribuat
2480 1132 2678 1195 super
2733 1109 2839 1176 his

465 1219 636 1283 quae
651 1199 866 1262 minus
899 1207 1116 1264 essent
1157 1197 1382 1262 valida
1425 1197 1570 1262 sine
1613 1199 1645 1262 i>
1686 1219 1780 1279 so,
1824 1197 2139 1264 valorem.
2186 1196 2355 1262 Cum
2396 1197 2599 1280 igitur
2640 1197 2836 1260 caris·

459 1285 666 1348 s-imus
709 1285 780 1347 in
825 1283 1084 1350 Christo
1130 1282 1305 1348 filius
1349 1292 1572 1349 noster
1617 1283 1889 1350 ilustris
1934 1303 2053 1348 rex
2090 1283 2273 1365 Otto,
2296 1283 2365 1346 in
2386 1283 2837 1350 Romanorum

457 1369 812 1455 :imperium
857 1369 1121 1452 electus,
1157 1371 1316 1456 jura
1360 1378 1425 1435 et
1465 1369 1851 1456 privilegia,
1898 1391 2069 1456 quae
2114 1368 2198 1434 ab
2262 1369 2531 1454 antiquo
2590 1367 2711 1434 tibi
2768 1375 2845 1432 et

458 1456 594 1533 [tuis
697 1453 1268 1522 raedecessoribus
1307 1453 1412 1520 ab
1500 1454 2001 1541 imperatoribus
2062 1455 2247 1520 fuere
2304 1476 2617 1520 concessa
2637 1501 2656 1535 ,
2720 1475 2838 1520 suo

465 1541 588 1606 tibi
679 1544 897 1606 uxerit
954 1539 1300 1626 privilegio
1361 1540 1813 1608 confirmanda
1833 1589 1852 1622 ‚
1888 1548 1962 1612 ‚et
2018 1548 2153 1606 tam
2212 1538 2583 1620 libertates,
2644 1560 2841 1624 quam

456 1635 673 1693 terras
720 1634 785 1690 et
829 1635 1044 1692 castra
1089 1635 1154 1690 et
1197 1625 1328 1690 alia
1369 1625 1492 1691 tibi
1537 1628 1949 1708 concesserit,
2024 1634 2097 1690 ut
2142 1623 2561 1712 dispositioni
2615 1625 2846 1709 'regiae

467 1712 872 1779 auctoritatis
932 1711 1352 1798 pontificatus
1397 1711 1705 1796 accedat,
1750 1714 2203 1779 concessiones
2260 1713 2463 1796 ipsas,
2524 1711 2697 1777 sicut
2756 1709 2849 1774 ad

464 1797 776 1861 honorem
823 1805 955 1861 tam
1003 1797 1318 1864 ecclesiae
1361 1819 1559 1884 quam
1605 1799 1863 1886 imperii
1924 1807 2095 1880 sunt,
2140 1797 2527 1865 auctoritate
2584 1804 2846 1883 aposto-

463 1881 597 1948 liea
639 1882 1104 1948 confirmamus
1145 1893 1270 1949 etc.
1316 1883 1499 1948 Nulli
1545 1907 1701 1970 ergo
1746 1893 1867 1950 etc.

643 1968 797 2033 Dat.
843 1969 1146 2036 Laterani
1191 1969 1414 2036 XVII.
1460 1970 1614 2037 Kal.
1659 1971 1845 2057 Maji.

1604 2228 1709 2292 21.
1734 2263 1741 2267 -

465 2381 783 2466 Literae
839 2381 1278 2468 Innocentii
1346 2381 1484 2464 ΠΙ.
1528 2384 1783 2486 papae
1828 2364 2066 2485 super
2125 2379 2390 2486 regali
2434 2379 2844 2486 dignitate

1370 2483 1813 2588 Premyslai
1879 2482 1938 2566 Ι.
2138 2561 2149 2570 .

1383 2640 1569 2706 1204.
1620 2640 1721 2705 19.
1767 2638 1929 2725 Apr.

599 2795 780 2846 Altero
819 2797 1106 2863 diplomate
1141 2795 1443 2846 Innocentii
1477 2795 1578 2846 111.
1616 2793 1955 2860 Premyslaus
2003 2795 2047 2846 Ι.
2091 2793 2352 2845 Otacarus
2386 2794 2535 2860 regia
2558 2793 2845 2858 'dignitate

461 2879 577 2914 esse
612 2867 919 2930 agnoscitur
952 2869 1006 2916 et
1039 2865 1180 2930 quod
1215 2865 1264 2913 ei
1299 2869 1410 2914 tum
1459 2865 1687 2928 primum
1736 2879 1800 2914 ex
1834 2868 1986 2929 parte
2032 2863 2171 2914 sedis
2220 2863 2546 2928 apostolicae
2592 2863 2837 2930 contigit,

461 2947 554 2983 rex
589 2934 904 2999 appellatur.
968 2935 1183 2984 Interea
1215 2933 1550 2996 Premyslaus
1581 2931 1695 2998 jam
1742 2947 1885 2982 anno
1925 2933 2058 2982 1203
2094 2932 2162 2981 ab
2198 2930 2395 2982 Ottone
2442 2945 2637 2981 corona
2690 2931 2843 2994 regia

459 3006 678 3052 ornatus
716 3009 821 3054 est:
863 3003 1124 3064 „Boemus
1159 3000 1415 3052 fidelitate
1449 3003 1711 3067 promissa
1745 3001 1812 3051 ab
1850 3000 2051 3053 ottone
2097 3005 2377 3052 coronatur
2425 3005 2478 3050 et
2516 3000 2577 3048 in
2610 2998 2748 3050 festo
2784 2997 2843 3050 S.

457 3069 856 3121 Bar-tholomaei
890 3085 975 3135 ap.
1012 3081 1046 3120 a
1082 3069 1322 3121 Gnidone
1342 3069 1597 3122 ecclesiae
1608 3070 1886 3120 Romanae
1904 3069 2099 3134 legato,
2121 3069 2263 3134 apud
2276 3067 2560 3134 'Mersbnrg
2580 3068 2635 3117 in
2655 3078 2841 3132 regem

460 3137 800 3204 solempniter
835 3141 1204 3190 consecratur“
1245 3137 1538 3204 (Godeffid.
1573 3138 1909 3192 Coloniensis
1944 3137 2183 3203 (ihren.)-

601 3208 932 3272 (Brequigny
967 3207 1087 3259 VII.
1124 3205 1232 3273 49.)

637 3339 1064 3406 Innocentius
1111 3363 1340 3408 servus
1385 3363 1725 3408 servorum
1770 3341 1923 3406 Dei.

631 3424 881 3490 Illustri
907 3474 922 3490 .
949 3429 1172 3513 ..regi
1216 3427 1678 3512 Bohemorum,
1725 3428 2003 3493 salutem
2050 3433 2114 3490 et
2158 3425 2585 3514 apostolicam
2630 3423 2829 3492 bene-

464 3511 839 3579 dictionem.
1152 3549 1160 3554 -

635 3599 821 3663 Licet
863 3606 1016 3663 ante
1059 3606 1213 3664 tnae
1259 3600 1696 3680 promotionis
1738 3606 2035 3683 tempora
2078 3597 2268 3662 multi
2312 3597 2557 3663 fuerint
2598 3599 2669 3662 in
2700 3597 2827 3662 Bo·

460 3685 676 3750 hemia
719 3685 901 3769 regio
949 3685 1316 3750 diademate
1362 3687 1684 3772 insigniti,
1727 3706 2066 3770 nunquam
2110 3694 2331 3748 tamen
2400 3693 2753 3770 potuerunt
2794 3701 2836 3747 a

457 3769 1094 3856 pr.‘÷tedecessoribus¹
1117 3773 1373 3853 nostris,
1398 3771 1713 3836 Romanis
1738 3770 2175 3857 pontificibus,
2201 3769 2514 3852 obtinere,
2539 3779 2612 3834 ut
2645 3789 2834 3854 reges

459 3878 570 3924 eos
633 3859 705 3922 in
771 3857 904 3922 suis
969 3856 1174 3932 literis
1246 3859 1669 3923 nominarint.
1758 3857 1896 3922 Nos
1962 3878 2219 3942 quoque
2262 3863 2404 3926 tum
2448 3856 2830 3942 praedeces-

463 3964 683 4006 sorum
727 3952 1097 4008 nostrorum
1141 3945 1436 4028 vestigiis
1482 3942 1919 4025 inhaerentes,
1966 3951 2105 4006 tum
2150 3942 2641 4008 considerantes
2696 3939 2827 4006 sol*

461 4027 656 4108 licite,
701 4027 878 4112 quod
921 4051 961 4092 a
1003 4029 1209 4094 nobili
1269 4032 1411 4096 viro
1467 4028 1774 4116 Philippo
1842 4030 2007 4094 duce
2080 4027 2358 4094 Sueviae
2375 4075 2394 4108 ‚
2455 4035 2521 4093 te
2580 4027 2835 4094 feceras

460 4115 780 4195 coronari,
829 4115 940 4200 qui
985 4137 1133 4180 cum
1180 4125 1528 4181 coronatus
1574 4115 1862 4202 legitime
1905 4135 2039 4181 non
2085 4113 2332 4196 fuisset,
2377 4132 2502 4178 nec
2559 4121 2664 4194 te,
2710 4132 2835 4177 nec

457 4198 658 4263 alium
705 4207 960 4286 poterat
1001 4199 1291 4286 legitime
1341 4224 1672 4285 coronare,
1718 4223 1941 4286 regem
1984 4208 2049 4266 te
2093 4199 2413 4266 hactenus
2456 4221 2590 4266 non
2636 4197 2825 4264 duxi·

460 4306 604 4350 mus
649 4285 1142 4353 nominandum.
