3150 5017
503 313 637 361 nm.
680 311 753 362 11.
1453 331 1537 345 ——-
1625 291 1755 362 322
1844 330 1927 344 —-

501 467 704 533 etiam
738 465 1000 552 singuli
1044 468 1512 556 suscepissent,
1555 469 1690 534 nisi
1734 467 1910 556 quod
1951 467 2068 532 ille
2110 467 2324 556 princi
2372 467 2497 534 alis
2534 474 2887 555 susceptor

500 554 715 619 virum
759 573 1089 642 quemque
1133 575 1219 620 ex
1263 554 1516 621 colonis
1543 556 1743 623 debet
1782 575 1933 620 cum
1976 555 2115 622 suis
2156 555 2330 641 parti
2380 577 2459 626 us
2500 557 2883 638 nominare3

501 661 628 705 nec
687 661 1085 727 quemquam
1144 649 1364 728 partes
1425 638 1671 708 ibidem
1728 641 1995 724 habere,
2057 663 2254 728 quam
2314 643 2431 729 qui
2490 663 2611 730 per
2666 643 2884 728 ipsum

498 725 701 792 fuerit
757 729 1154 793 nominatus.
1243 733 1303 812 §-
1355 730 1453 796 13.
1515 729 1588 796 Si
1647 737 1865 795 autem
1928 728 2213 816 aliquem
2275 729 2384 795 vel
2426 726 2685 816 aliquos
2734 747 2883 792 cum

497 813 636 878 suis
681 812 980 898 partibus
1025 815 1500 882 nominandum
1561 814 2087 883 nominandosve
2148 814 2235 882 ob
2284 815 2509 882 dolum
2554 822 2670 880 aut
2715 812 2883 880 obli·-

497 900 764 965 vionem
825 923 961 969 non
1008 903 1479 969 nominaverit:
1545 924 1631 968 ex
1689 912 1851 969 tunc
1908 903 2007 968 illi
2054 903 2365 989 injuriam
2412 925 2601 968 suam
2645 909 2885 967 eontra

461 987 948 1054 *nominantem
1007 1009 1228 1054 coram
1307 988 1674 1058 urburariis
1736 998 2255 1078 prosequantur;
2322 990 2481 1076 quia
2546 988 2885 1054 multoties

493 1073 604 1138 isti
664 1075 824 1138 novi
883 1075 1262 1142 inventores
1325 1075 1549 1162 plures
1608 1085 1829 1164 partes
1896 1077 2148 1143 donant
2192 1087 2259 1142 et
2298 1077 2617 1158 vendunt,
2682 1096 2883 1162 quam

492 1157 807 1242 habeant,
871 1159 1152 1248 ideoque
1213 1172 1542 1229 conantur
1600 1163 1767 1230 alios
1807 1163 1881 1230 in
1926 1165 2065 1230 suis
2108 1163 2407 1250 partibus
2452 1163 2885 1244 defraudare3

499 1253 568 1310 et
613 1245 740 1312 hoc
789 1248 974 1312 omni
1020 1250 1286 1335 ingenio
1334 1249 1581 1318 debent
1622 1250 1949 1318 urburarii
1993 1271 2412 1337 praecavere,
2458 1249 2677 1316 dando
2724 1269 2879 1336 ope-

493 1351 656 1416 ram,
703 1355 789 1400 ne
839 1334 1160 1424 deinceps
1201 1337 1358 1402 talis
1403 1337 1657 1404 malitia
1702 1346 2116 1425 pertranseat
2158 1337 2503 1424 impunita.

1539 1516 1713 1599 Cap.
1759 1514 1847 1578 ΙΙ.

1196 1633 1299 1700 De
1342 1635 1647 1700 montium
1688 1635 2170 1699 mensuratione.

663 1770 772 1836 Ad
817 1771 1010 1837 istius
1055 1780 1378 1838 tractatus
1411 1771 1825 1839 evidentiam
1872 1769 2235 1860 pleniorem
2282 1771 2495 1857 primo
2539 1767 2883 1834 sciendum

499 1863 621 1940 est,
669 1857 846 1944 quod
892 1859 1106 1924 omnis
1153 1879 1342 1924 mons
1385 1868 1807 1926 mensuratus
1867 1867 2119 1946 septem
2164 1859 2498 1923 contineat
2542 1855 2773 1920 laneos
2814 1855 2883 1920 in

499 1942 845 2027 directum,
910 1946 979 2010 in
1039 1954 1224 2032 parte
1285 1967 1443 2011 vero
1502 1946 1843 2033 pendenti,
1888 1946 2066 2033 quod
2110 1946 2179 2010 in
2224 1943 2487 2028 vulgari
2530 1950 2881 2007 montano·-

487 2052 633 2096 rum
681 2029 922 2096 dieitur
979 2031 1502 2118 hangendez,
1566 2041 1874 2120 quartum
1926 2029 2283 2098 dimidium
2344 2029 2545 2096 habet
2590 2029 2877 2110 laneum,

487 2125 554 2183 et
614 2118 684 2182 in
745 2126 932 2204 parte
984 2120 1257 2206 jacenti,
1317 2119 1496 2208 quod
1539 2119 1945 2206 ligendez
2006 2128 2297 2201 vocatur,
2367 2115 2567 2182 habet
2609 2117 2879 2181 laneum

481 2212 746 2269 tantum
793 2225 1036 2290 unum3
1083 2207 1303 2294 quivis
1349 2216 1565 2272 autem
1616 2206 1849 2273 laneus
1894 2215 2143 2293 septem
2190 2225 2555 2280 mensuras,
2599 2204 2715 2290 qui
2737 2202 2879 2268 vul-

483 2290 730 2378 gariter
774 2290 1082 2358 dicuntur
1125 2291 1411 2360 lachte
1428 2316 1479 2377 r,
1526 2296 1597 2360 in
1642 2315 1715 2360 se
1756 2295 2071 2359 continet.

657 2379 715 2464 §.
767 2380 822 2444 1.
869 2379 982 2444 Sic
1027 2387 1243 2444 autem
1291 2379 1380 2445 ad
1425 2401 1801 2447 mensuram
1842 2382 2161 2446 montium
2184 2377 2607 2466 pervenitur:
2654 2373 2729 2440 Si
2750 2374 2873 2440 ali-

488 2466 634 2554 quis
701 2467 1214 2552 praemissorum
1282 2468 1699 2534 inventorum
1748 2465 1833 2531 ad
1876 2474 2164 2532 meatum
2210 2486 2251 2529 a
2296 2479 2685 2530 concessere
2729 2479 2872 2529 sus*-

485 2561 746 2638 ceptum
795 2553 1127 2619 antedicto
1189 2556 1629 2640 susceptionis
1690 2553 1921 2618 ordine
1964 2555 2035 2618 in
2082 2551 2389 2617 omnibus
2434 2549 2871 2634 observando,

481 2640 737 2726 juratos
783 2648 1114 2706 meatuum
1163 2650 1450 2707 sectores
1495 2641 1761 2728 petierit
1805 2639 2169 2706 secandum·
2227 2635 2873 2722 examinandumque

489 2734 560 2791 et
617 2725 702 2790 ad
763 2737 1072 2813 montem,
1137 2733 1188 2792 si
1251 2727 1493 2814 dignus
1539 2727 1761 2810 fuerit,
1808 2727 2343 2807 mensurandum,
2388 2723 2569 2812 quod
2611 2723 2743 2788 eibi
2788 2723 2871 2788 ad

489 2812 707 2878 minus
730 2814 892 2880 duos
917 2816 1061 2880 sine
1091 2814 1444 2881 intervallo
1490 2813 1634 2880 dari
1682 2813 2108 2894 mandamus3
2157 2813 2269 2900 qui
2314 2813 2563 2876 intrent
2584 2810 2870 2895 argenti-

491 2899 782 2964 fodinam
831 2910 1118 2967 meatum
1175 2901 1460 2968 secando
1507 2901 1814 2980 eundem,
1858 2900 2341 2988 diligenterque
2366 2917 2597 2964 omnes
2624 2895 2869 2962 ibidem

483 2988 1013 3053 circumstantias
1059 2988 1398 3071 intuendo,
1491 2987 1623 3053 uod
1668 2997 1956 3054 meatum
2020 2989 2115 3052 sic
2176 3007 2325 3050 cum
2372 2983 2871 3049 metallo-inve-

484 3075 675 3138 niant
734 3082 798 3139 et
855 3073 1252 3161 relinquant,
1314 3011 1490 3161 quod
1552 3077 1637 3141 sit
1695 3075 1939 3161 dignus
2006 3092 2335 3155 mensura,
2380 3071 2691 3158 quodque
2738 3091 2868 3135 me-

485 3157 718 3224 tallum
761 3159 1008 3225 ibidem
1055 3181 1176 3246 per
1219 3183 1331 3227 eos
1377 3170 1648 3244 sectum,
1694 3171 1760 3227 et
1803 3163 1872 3226 in
1917 3183 2099 3247 gaza,
2150 3159 2219 3225 id
2262 3165 2363 3224 est
2422 3159 2493 3222 in
2550 3155 2867 3222 conflato-

481 3247 580 3310 rio
625 3247 1075 3311 examinatum
1137 3247 1247 3313 det
1315 3247 1400 3312 ad
1469 3250 1687 3313 minus
1742 3247 1915 3314 ultra
1976 3267 2334 3334 expensam
2397 3264 2602 3331 gazae
2662 3265 2865 3308 unum

485 3331 805 3399 fertonem
853 3333 1184 3399 fulminati
1231 3335 1508 3420 argenti.
1600 3339 1659 3417 ξ.
1704 3335 1767 3399 2.
1828 3335 1900 3400 Si
1944 3335 2048 3398 his
2094 3331 2402 3399 omnibus
2446 3331 2544 3396 sie
2588 3350 2866 3395 concur-

480 3417 780 3484 rentibus
825 3419 912 3483 ad
955 3422 1446 3508 requisitionem
1491 3419 1990 3486 urburariorum
2038 3441 2237 3507 saepe
2274 3419 2433 3484 dicti
2470 3417 2699 3503 jurati,
2746 3415 2866 3482 sub

481 3507 724 3571 virtute
783 3508 1078 3592 praestiti
1143 3509 1492 3574 ‘uramenti
1550 3508 1796 3574 ibidem
1860 3516 2147 3574 montem
2210 3506 2443 3571 merito
2486 3504 2865 3591 pronuntia-

480 3593 701 3659 verint
744 3614 1100 3659 mensuran
1149 3615 1294 3659 um:
1343 3597 1562 3661 statim
1608 3617 1800 3660 mons
1847 3594 2179 3683 aliquibus
2234 3593 2477 3680 juratis
2522 3589 2866 3658 civitatum

437 3686 550 3744 ¹et
594 3681 834 3745 montis
893 3681 1351 3768 praesentibus
1399 3692 1817 3749 mensuretur
1877 3703 1993 3769 per
2052 3679 2470 3762 urburarios3
2530 3678 2657 3742 hac
2720 3695 2867 3764 pro-

476 3767 827 3832 testatione
887 3769 1270 3853 praemissa,
1338 3778 1410 3834 ut
1479 3789 1873 3856 quocunque
1940 3789 2109 3832 zona
2173 3774 2388 3831 tracta
2432 3765 2651 3845 fuerit,
2700 3773 2767 3830 et
2808 3767 2865 3832 si

477 3861 740 3918 meatus
785 3862 1017 3940 postea
1061 3857 1224 3920 alias
1271 3873 1340 3920 se
1386 3854 1723 3937 extendat,
1770 3855 1947 3942 quod
1990 3853 2182 3919 nobis
2252 3854 2353 3918 'us
2398 3859 2696 3916 nostrum
2744 3851 2863 3916 ibi-

476 3939 626 4005 dem
685 3940 756 4004 in
813 3941 1024 4008 laneis
1069 3942 1316 4008 nostris
1361 3941 1617 4008 salvum
1664 3949 2049 4028 permaneat
2094 3950 2159 4006 et
2204 3941 2247 4004 il
2280 3956 2541 4020 aesum3
2594 3953 2675 4000 ac
2716 3939 2863 4002 uni-

479 4027 718 4114 cuique
763 4026 1081 4093 montium
1127 4029 1504 4113 incipiendo
1551 4031 1621 4093 in
1666 4026 2258 4110 medio'vertibuli,
2321 4023 2617 4113 qualibet
2676 4033 2863 4111 parte

479 4121 750 4198 quartus
812 4112 1124 4180 dimidius
1185 4116 1416 4182 lan-eus
1462 4124 1895 4199 mensuretur,
1958 4114 2199 4182 deinde
2244 4133 2417 4178 unus
2454 4113 2697 4176 laneus
2742 4131 2863 4176 nov·

476 4197 600 4282 bis,
667 4221 840 4266 unus
873 4201 1122 4268 ‹civilis
1190 4211 1258 4267 et
1321 4225 1493 4268 unus
1561 4204 1975 4271 dominorum
2060 4200 2361 4266 similiter
2425 4203 2860 4266 mensuretur.

477 4287 646 4373 583.
693 4286 764 4353 Si
808 4294 1028 4355 tamen
1073 4288 1237 4358 haee
1283 4310 1593 4356 mensura
1636 4298 1901 4378 propter
1946 4289 2346 4356 vicinitatem
2387 4284 2663 4358 'ulterius
2677 4291 2859 4351 mon-
