3150 5017
584 302 857 350 nm1v.
1530 318 1648 345 -,
1705 281 1869 357 408·
1919 317 2006 331 ..-

582 456 1049 531 informabunt,
1111 476 1228 541 pro
1290 476 1371 520 ea
1436 464 1622 542 parte
1668 454 2144 537 sententiando,
2205 475 2372 540 quae
2416 453 2586 539 juris
2627 450 2920 520 beneficio

582 543 883 629 fungitur
920 566 1023 609 am
1074 541 1241 608 liori.

756 631 809 716 ξ.
861 632 961 699 19.
1085 630 1413 716 uicunque
1478 639 1698 697 autem
1759 651 1844 696 ex
1887 628 2298 714 litigantibus
2341 626 2520 692 hunc
2576 645 2925 714 processum

581 718 923 805 respuerit,
968 717 1330 783 secundum
1363 726 1648 783 veterem
1675 738 2117 801 processurus,
2163 724 2228 781 et
2260 715 2315 781 si
2343 714 2413 780 in
2459 712 2646 779 dictis
2685 713 2926 778 testium

584 803 689 870 vel
733 801 1373 889 interrogationibus,
1440 814 1556 869 aut
1615 806 1684 869 in
1744 803 2338 871 examinationibus
2415 801 2611 869 fuerit
2675 801 2924 864 circum-

584 901 839 975 ventus,
900 890 1024 956 sibi
1070 892 1367 978 imputet,
1414 912 1491 957 eo
1538 889 1714 977 quod
1777 912 1896 979 pro
1941 912 2113 958 novo
2158 889 2477 957 beneficio
2526 896 2712 956 vetus
2755 886 2932 970 elegit

632 1000 961 1045 ravamen.

584 1001 629 1064 g
759 1069 817 1148 ξ.
862 1066 966 1131 20.
1030 1064 1120 1132 Et
1164 1066 1257 1130 sic
1323 1066 1646 1152 petiturus
1705 1064 1990 1152 aliquam
2033 1086 2173 1131 rem
2220 1061 2416 1130 debet
2459 1083 2680 1129 secum
2725 1060 2929 1126 afferre

585 1153 1007 1239 probationes
1039 1162 1105 1219 et
1119 1154 1316 1239 juxta
1346 1152 1640 1239 regulam
1664 1151 2110 1239 evangelicam
2157 1152 2551 1218 convincere
2575 1146 2929 1216 debitorem.

1586 1450 1764 1533 Gap.
1806 1448 1961 1515 ΧΠ.

1502 1586 1619 1653 De
1676 1585 2046 1653 testibus.

755 1758 1035 1844 Magnae
1092 1758 1393 1826 utilitatis
1452 1782 1630 1827 nunc
1690 1760 1858 1827 ratio
1919 1781 2038 1826 nos
2081 1760 2336 1841 invitat,
2385 1775 2484 1841 ea,
2553 1777 2728 1844 quae
2785 1757 2938 1821 circs

595 1853 797 1911 testes
841 1844 1084 1912 fuerint
1126 1855 1512 1934 opportuna,
1561 1847 1856 1935 vigilanti
1885 1846 2096 1913 studio
2116 1846 2471 1929 declarare,
2515 1866 2602 1911 ne
2653 1845 2937 1928 deinceps

592 1931 904 1999 falsorum
967 1935 1232 1999 testium
1290 1938 1542 2002 ratione
1602 1934 1708 2002 vel
1771 1936 1966 2002 etiam
2029 1933 2467 2019 legitimorum
2513 1931 2938 1999 subtractione

590 2021 758 2085 sicut
802 2022 1139 2087 retroactis
1182 2022 1608 2110 temporibus,
1654 2023 1860 2108 possit
1904 2022 2145 2088 veritas
2190 2020 2602 2105 obumbrari3
2655 2017 2830 2086 unde
2869 2014 2939 2080 ad

590 2106 851 2193 plenam
934 2116 1246 2176 tractatus
1314 2111 1501 2175 istius
1585 2109 2022 2195 coguitionem
2089 2110 2299 2196 primo
2368 2130 2445 2173 ac
2501 2104 2938 2194 principaliter

586 2194 919 2260 sciendum
968 2204 1083 2279 est,
1131 2196 1307 2282 quod
1353 2218 1575 2263 omnes
1636 2196 1935 2263 homines
1979 2195 2063 2262 ad
2109 2195 2462 2261 dicendum
2507 2193 2939 2261 testimonium

583 2280 1037 2365 admittuntur,
1077 2284 1205 2348 nisi
1249 2284 1359 2371 qui
1397 2286 1549 2371 jure
1594 2290 1658 2351 et
1701 2282 1958 2369 legibus
1993 2282 2440 2370 prohibentur.
2485 2282 2574 2347 Et
2598 2290 2782 2349 certe
2804 2300 2932 2366 pro·

583 2368 921 2435 hibentur:
968 2392 1217 2451 servus,
1265 2371 1519 2455 mulier,
1570 2371 1965 2458 impuberes,
2011 2369 2315 2453 furiosus,
2357 2368 2651 2454 infamis,
2697 2387 2942 2457 pauper,

590 2465 933 2544 suspectus
978 2466 1043 2523 et
1086 2457 1389 2525 infidelis.

754 2543 809 2629 ξ.
859 2550 915 2609 1.
1004 2542 1249 2611 Servus
1293 2544 1442 2612 ideo
1500 2544 1901 2631 prohibetur,
1963 2546 2120 2632 quia
2176 2544 2436 2613 servilis
2500 2543 2798 2611 conditio
2861 2546 2943 2607 est

585 2651 682 2708 eo,
727 2638 798 2696 ut
819 2632 1123 2717 proprius
1146 2632 1320 2719 (sie);
1369 2640 1435 2698 et
1461 2633 1570 2699 hic
1607 2654 1837 2700 servus
1863 2632 2102 2698 dicitur
2144 2654 2184 2697 a
2229 2630 2573 2714 servandO,
2621 2653 2784 2697 nam
2809 2628 2941 2694 olim

588 2715 1025 2803 Imperatores
1068 2740 1311 2804 magna
1352 2721 1594 2806 pietate
1655 2721 1815 2786 moti
1860 2730 2084 2808 captos
2128 2722 2199 2786 in
2243 2718 2442 2803 bello,
2487 2720 2599 2806 qui
2649 2727 2812 2784 tunc
2851 2735 2941 2801 ge·

584 2803 897 2870 neraliter
958 2804 1443 2891 occidebantur,
1511 2807 1898 2873 venumdari
1971 2813 2467 2894 praeceperunt,
2537 2815 2601 2873 et
2667 2807 2766 2871 sic
2824 2801 2942 2868 vivi

584 2890 1019 2958 servabantur
1062 2892 1309 2960 redacti
1367 2896 1437 2960 in
1495 2903 1881 2982 perpetuam
1940 2895 2342 2976 servitutem,
2404 2894 2560 2981 quia
2617 2891 2709 2959 ab
2775 2888 2943 2957 initio

584 2978 725 3044 ’ure
790 2980 1075 3046 naturali
1146 3003 1371 3048 omnes
1431 2982 1728 3049 homines
1809 2982 2000 3048 liberi
2075 2981 2555 3061 nascebantur;
2635 2980 2757 3046 sed
2822 2997 2940 3043 me-

606 3066 708 3131 ius
753 3075 894 3132 erat
940 3088 1049 3134 eos
1094 3070 1319 3136 vivere
1362 3070 1431 3135 in
1476 3072 1813 3153 servitute,
1876 3090 2070 3155 quam
2117 3070 2282 3134 mori
2323 3069 2393 3133 in
2438 3067 2765 3135 libertate.

754 3326 811 3411 ἓ.
860 3331 916 3393 2.
960 3327 1051 3392 Et
1083 3335 1184 3394 est
1224 3327 1493 3396 libertas
1524 3329 1842 3395 naturalis
1871 3328 2150 3395 facultas
2175 3330 2338 3417 ejus,
2384 3327 2559 3416 quod
2603 3327 2943 3411 unicuique

580 3412 795 3479 facere
817 3411 996 3496 libet,
1042 3416 1167 3481 nisi
1215 3415 1391 3503 quod
1434 3417 1501 3482 vi
1548 3426 1659 3483 aut
1693 3418 1844 3502 jure
1867 3415 2267 3502 prohibetur,
2315 3420 2470 3503 quia
2512 3416 2740 3482 omnia
2806 3416 2937 3478 sunt

579 3499 778 3581 licita,
823 3502 953 3565 nisi
998 3523 1164 3587 quae
1200 3504 1351 3589 jure
1396 3504 1819 3569 inveniuntur
1861 3503 2205 3591 prohibita.

751 3591 812 3670 ξ.
832 3588 891 3652 3.
919 3586 1049 3655 Sed
1072 3592 1351 3655 servitus
1369 3600 1467 3656 est
1482 3590 1861 3657 constitutio
1872 3593 2043 3677 juris
2066 3590 2380 3676 gentium,
2407 3611 2536 3675 qua
2559 3592 2713 3677 quis
2732 3595 2944 3654 contra

580 3685 880 3741 naturam
912 3676 1175 3742 domino
1215 3676 1429 3743 alieno
1468 3677 1849 3765 subjicitur,
1889 3688 1954 3745 et
1986 3680 2148 3744 haec
2185 3699 2340 3744 vera
2382 3678 2562 3763 origo
2602 3673 2943 3744 servitutis.

755 3766 814 3845 ξ.
844 3762 904 3827 4.
930 3762 1018 3829 Et
1040 3764 1163 3829 sub
1190 3786 1286 3847 eo,
1333 3765 1596 3851 quando
1621 3766 1799 3847 dicit,
1834 3763 2012 3853 quod
2031 3765 2469 3853 Imperatores
2491 3766 2791 3851 captivos
2841 3781 2941 3826 ve-

579 3849 883 3915 numdari
906 3861 1395 3939 praeceperunt,
1429 3861 1701 3940 uterque
1723 3874 1920 3921 sexus
1968 3850 2562 3941 comprehenditur,
2611 3860 2678 3918 et
2725 3868 2942 3917 omnes

578 3938 766 4024 pueri
798 3936 1032 4004 abillis
1075 3939 1341 4007 feminis
1367 3942 1692 4028 procreati
1739 3942 1913 4006 servi
1958 3950 2021 4006 et
2067 3962 2315 4024 servae,
2361 3941 2490 4005 nisi
2534 3947 2695 4005 tunc
2726 3957 2938 4004 manu-

578 4026 934 4103 mittantur,
980 4048 1099 4113 per
1147 4036 1296 4093 etuo
1365 4027 1814 4095 remanebunt.
1904 4028 1994 4093 Et
2061 4026 2398 4094 sciendum
2459 4035 2577 4108 est,
2647 4024 2829 4114 quod
2881 4023 2942 4087 in

575 4113 719 4178 istis
796 4114 1090 4179 servituti
1141 4138 1217 4180 us
1302 4137 1556 4202 semper
1619 4124 1848 4202 partus
1913 4116 2207 4203 sequitur
2286 4122 2600 4181 ventrem.
2687 4112 2815 4178 Est
2856 4112 2941 4174 in·

578 4221 776 4286 super
800 4198 935 4265 alia
955 4202 1207 4287 species
1232 4203 1584 4284 servitutis,
1617 4201 1883 4285 scilicet,
1911 4223 2058 4267 cum
2084 4201 2278 4267 homo
2301 4201 2512 4267 minor
2535 4200 2680 4287 (sic)
2709 4196 2934 4285 viginti

576 4286 769 4351 annis
827 4286 914 4353 ad
960 4290 1237 4373 pretium
1284 4288 1811 4376 participandum
1860 4312 1930 4357 se
1974 4287 2363 4356 venumdari
2408 4308 2643 4377 passus
2687 4292 2808 4355 est.

3087 582 3090 747 τ
