3150 5017
1392 320 1870 385 ...12ss⁹

1590 576 1696 641 43.

917 680 1239 763 Locatio
1292 682 1646 761 monetae
1699 676 1933 781 regni
1983 675 2414 761 Bohemiae.

1466 798 1579 865 Oc.
1635 798 1818 865 1253.

664 908 923 963 Bobemia
958 912 1119 973 atque
1154 906 1399 957 Moravia
1432 910 1553 969 post
1595 902 1872 954 hominum
1923 904 2232 954 memoriam
2283 916 2660 971 generosorum
2728 902 2836 949 nie-

458 980 705 1031 tallorum
744 980 859 1029 auri
898 978 1211 1045 argentique
1247 976 1543 1026 uberrimae
1578 978 1747 1027 erant.
1783 973 1884 1023 Ars
1921 980 2185 1025 monetam
2225 972 2461 1023 cudendi.
2489 972 2566 1025 ibi
2600 986 2644 1021 a
2673 968 2839 1033 longa

436 1050 777 1113 <antiquitate
811 1049 979 1113 repeti
1012 1052 1201 1112 potest,
1240 1044 1381 1109 quod
1416 1044 1742 1109 primitivum
1778 1056 1972 1099 nomen
2013 1042 2262 1105 „ob-taff
2286 1042 2350 1093 de
2365 1056 2586 1091 nummo
2604 1038 2842 1105 (miiuze)

460 1122 769 1182 usurpatum
808 1117 1149 1166 demonstrat.
1222 1116 1430 1165 Primus
1466 1128 1715 1163 nummus
1751 1128 1870 1162 cum
1910 1117 2093 1176 aperta
2128 1114 2402 1163 notatione
2433 1110 2691 1175 temporis
2723 1123 2844 1173 pro-

456 1203 643 1239 cussus
674 1192 755 1237 est
791 1186 891 1236 sub
926 1184 1218 1237 Wratislao
1254 1184 1299 1233 1.
1337 1184 1486 1234 duce.
1526 1180 1752 1233 Saeculo
1791 1182 1857 1231 X.
1896 1183 2091 1247 signati
2127 1188 2254 1233 sunt
2289 1181 2496 1233 nummi
2543 1180 2692 1233 antei
2731 1177 2844 1242 (de-

459 1258 599 1307 narii
634 1254 803 1320 aurei)
844 1259 1001 1319 atque
1037 1254 1291 1319 argentei.
1329 1252 1533 1303 Aurum
1570 1250 1902 1319 pendebatur
1937 1251 2087 1301 libris
2123 1252 2234 1302 sive
2271 1251 2493 1319 grivnis‚
2529 1249 2726 1315 grivna
2749 1262 2848 1297 au-

458 1334 565 1377 tem
602 1325 741 1375 idem
778 1329 858 1373 est
894 1324 1035 1387 quod
1072 1336 1269 1375 marca.
1304 1321 1651 1387 Temporibus
1689 1320 1919 1373 Cosmae
1971 1318 2246 1371 annalium
2286 1320 2558 1385 scriptoris
2605 1318 2720 1368 sive
2758 1332 2850 1365 ex-

465 1401 622 1445 cunte
659 1392 872 1445 saeculo
910 1394 1006 1443 XI.
1046 1399 1097 1443 et
1132 1394 1353 1446 ineunte
1390 1392 1514 1441 XII.
1552 1408 1585 1441 e
1607 1390 1810 1455 'grivna
1847 1391 2035 1441 duceni
2074 1388 2278 1440 nummi
2319 1388 2652 1439 cudebantur
2687 1386 2854 1449 (mar-

467 1480 593 1515 cam
620 1470 829 1513 nostrae
867 1467 1111 1513 monetae
1148 1461 1237 1513 CC
1272 1477 1517 1511 nummos
1552 1460 1820 1525 dicimus).
2601 1487 2608 1493 ·

666 1532 923 1581 Nummos
958 1530 1185 1583 cudendi
1210 1530 1305 1595 jus
1341 1530 1725 1594 arbitriumque
1759 1544 1922 1597 penes
1961 1529 2226 1595 principes
2262 1534 2434 1579 terrae
2471 1532 2603 1590 erat,
2623 1538 2856 1590 quorum

465 1617 709 1653 camerae
748 1602 1022 1662 „moneta“
1062 1605 1177 1650 erat
1210 1599 1465 1663 adjuncta
1502 1598 1632 1663 (XII
1667 1614 1879 1649 marcae
1927 1600 1993 1649 de
2029 1604 2240 1649 moneta
2275 1604 2490 1649 nostrae
2541 1593 2860 1663 provinciae

470 1674 623 1733 1088,
678 1671 815 1721 addo
850 1684 887 1720 a
924 1674 1136 1719 moneta
1172 1683 1403 1729 marcam
1444 1670 1596 1719 1135.
1635 1668 1740 1719 dux
1777 1668 1920 1719 dedit
1956 1669 2190 1720 ducenos
2228 1667 2474 1718 denarios
2523 1664 2587 1717 de
2635 1667 2865 1715 moneta

607 1741 625 1807 )
685 1808 909 1859 Saeculo
946 1808 1095 1859 xm.
1133 1806 1268 1857 haec
1304 1822 1640 1857 nummorum
1678 1822 1876 1873 genera
1910 1812 2392 1859 comminor-antur:
2450 1806 2655 1857 Obolus
2709 1804 2850 1853 Pra-

466 1879 647 1945 gcnsis
682 1882 928 1927 monetae
968 1878 1117 1940 1249,
1154 1875 1311 1929 solidi
1350 1878 1501 1939 1249,
1538 1876 1695 1925 solidi
1733 1878 1918 1929 breves
1961 1878 2094 1927 1250
2129 1876 2333 1927 denarii
2375 1878 2526 1928 1278.
2565 1874 2629 1925 In
2653 1886 2862 1939 magna

468 1951 765 2011 mercatura
798 1947 1000 2013 grivnis
1036 1962 1130 1995 seu
1168 1947 1359 1995 marcis
1396 1946 1800 2007 numerabat-un
1840 1954 2116 2013 argentum
2156 1952 2335 1997 autem
2375 1947 2580 2011 Pragae
2600 1942 2861 2011 ponderis

466 2018 713 2067 examine
749 2016 885 2066 hanc
919 2016 987 2066 ad
1028 2030 1139 2065 rem
1175 2016 1421 2066 instituto
1456 2015 1802 2081 pendebatur,
1840 2017 1962 2067 inde
1983 2016 2283 2067 dicebatur:
2315 2016 2382 2066 20
2402 2030 2610 2067 marcas
2641 2010 2866 2077 argenti

468 2093 522 2137 et
555 2087 813 2136 fertonem
848 2086 915 2136 ad
952 2085 1155 2151 pondus
1194 2085 1463 2149 Pragense
1520 2086 1668 2151 1222,
1718 2086 1784 2134 27
1825 2100 2030 2136 marcas
2069 2086 2193 2135 boni
2244 2086 2450 2151 argenti
2501 2086 2560 2135 in
2611 2081 2860 2149 pondere

469 2158 573 2207 Pra
610 2156 725 2205 ensi
764 2157 915 2205 1253.

574 2172 609 2221 g
680 2224 841 2273 Primi
877 2239 1097 2289 quorum
1135 2224 1353 2273 nomina
1390 2229 1601 2275 exstant
1636 2226 1932 2288 monetarii,
1969 2231 2092 2276 sunt
2129 2226 2322 2275 aetatis
2369 2222 2668 2288 Premyslai
2705 2222 2778 2285 L,
2817 2225 2870 2273 et

477 2295 721 2359 quidem:
759 2294 971 2343 Driloth
1009 2295 1332 2344 monetarius
1373 2295 1523 2357 1207,
1561 2294 1683 2343 dein
1719 2296 2044 2361 temporibus
2080 2294 2386 2345 Wenceslai
2420 2294 2470 2344 Ι.
2503 2294 2705 2345 Brumo
2755 2306 2869 2341 mo·

472 2364 715 2421 notarius,
745 2362 885 2427 reg-is
922 2362 1135 2413 Brunae
1173 2362 1323 2421 1234,
1363 2363 1469 2411 nisi
1504 2362 1608 2413 hoc
1641 2364 1856 2413 nomine
1904 2366 2260 2429 negotiatores
2311 2362 2600 2429 argentarii
2657 2358 2868 2410 intelli·

474 2432 632 2497 gendi
668 2436 806 2493 sunt,
844 2430 996 2495 cujus
1037 2434 1245 2496 generis
1288 2434 1600 2493 „monetarii
1637 2432 2053 2497 opulentissimi“
2095 2433 2295 2483 saeculi
2348 2434 2443 2482 XI.
2491 2433 2550 2481 in
2605 2429 2869 2482 suburbio

476 2502 731 2567 Pragensi
770 2505 821 2550 et
857 2503 977 2550 vico
1010 2501 1453 2567 Wyssegradensi
1488 2508 1658 2553 erant.

687 2568 791 2629 Qui
843 2570 1083 2633 magist-ri
1131 2577 1374 2621 monetae
1420 2573 1630 2635 proprie
1678 2576 1950 2635 vocantur,
1995 2573 2226 2637 primum
2273 2577 2532 2637 apparent
2579 2570 2681 2621 sub
2743 2582 2870 2635 rege

477 2638 794 2689 Wenceslao
829 2639 872 2688 Ι.
928 2644 979 2688 et
1016 2640 1253 2703 quidem:
1331 2642 1462 2689 1247
1525 2636 1792 2691 Henricus
1863 2642 2034 2693 dictus
2071 2642 2528 2706 Cruciburgensis,
2610 2641 2872 2705 magister

480 2714 745 2767 monetae,
822 2708 953 2758 1253
1024 2708 1307 2759 Eberlinus
1382 2724 1476 2759 seu
1546 2709 1885 2760 Eberhardus
1970 2712 2286 2773 montarius,
2365 2712 2618 2777 magister
2671 2724 2862 2759 mone-

478 2784 568 2829 tae
603 2794 697 2843 per
730 2776 1059 2841 Bohemiam,
1106 2780 1237 2829 civis
1262 2779 1561 2843 Pragcnsis,
1607 2782 1738 2829 1253
1774 2780 2040 2832 Henricus
2077 2780 2534 2846 Orancburgarius
2573 2778 2659 2828 vel
2699 2778 2869 2828 Crun-

478 2848 759 2913 burgarius
796 2846 957 2912 (idem
996 2848 1086 2911 qui
1120 2849 1219 2897 iste
1254 2847 1738 2913 Cruciburgensis),
1772 2850 1908 2899 civis
1940 2850 2238 2915 Pragensis;

685 2914 969 2965 Eberlinus
1004 2922 1259 2981 regnante
1295 2919 1584 2968 etiamtunc
1619 2916 1848 2969 otmaro
1883 2920 1954 2971 11.
1991 2919 2126 2970 vixit
2179 2935 2427 2984 annoque
2482 2922 2695 2972 eii-citer
2740 2920 2874 2970 1270

479 2986 615 3034 diem
654 3000 956 3049 supremum
995 2986 1142 3049 obiit,
1180 2985 1383 3037 duobus
1420 2986 1544 3037 filiis
1581 2988 1819 3039 Jarossio
1857 2994 1909 3039 et
1942 2990 2201 3043 Ekhiarto
2237 2988 2457 3041 relictis.
2529 2989 2624 3039 Vir
2644 2989 2746 3039 ille
2769 3002 2875 3037 non

478 3055 648 3105 solum
690 3054 986 3119 praefectus
1022 3070 1117 3104 seu
1152 3058 1405 3121 magister
1450 3064 1713 3121 monetae,
1763 3058 1852 3109 sed
1907 3061 2068 3109 etiam
2107 3059 2390 3110 mandator
2437 3074 2532 3110 seu
2589 3063 2870 3123 pori-ector

482 3125 901 3188 argentarIorum
936 3125 995 3172 in
1031 3124 1251 3174 Boemia
1288 3130 1401 3175 erat
1446 3126 1644 3194 (1259),
1691 3128 2008 3192 regibusque
2047 3144 2212 3193 quum
2263 3128 2583 3180 Wenceslao
2640 3128 2687 3178 1.
2746 3133 2772 3177 t
2795 3142 2870 3176 ,ω

482 3194 711 3243 Otacaro
748 3192 818 3243 11.
846 3192 1069 3243 multam
1106 3208 1317 3257 operam
1354 3201 1407 3245 et
1442 3194 1624 3246 utilem
1661 3197 1921 3261 praebuit,
1953 3213 2217 3247 summam
2272 3202 2452 3249 autem
2489 3197 2873 3251 claritudinem

482 3261 582 3311 sibi
622 3260 831 3325 paravit
866 3276 1007 3311 nova
1061 3263 1276 3313 civitate
1330 3264 1472 3316 circa
1506 3263 1559 3315 S.
1602 3264 1814 3317 Gallum
1859 3268 2091 3332 condita,
2129 3282 2268 3331 quae
2302 3282 2452 3317 nunc.
2485 3268 2693 3331 Pragae
2749 3266 2867 3316 Ma·

476 3330 607 3395 joris
644 3346 737 3379 seu
772 3330 979 3381 Veteris
1012 3347 1136 3396 pars
1174 3337 1267 3383 est.
2621 3358 2628 3363 ·

688 3399 786 3449 Isti
805 3400 967 3465 igitur
987 3401 1237 3452 Eberlino
1274 3418 1364 3451 rex
1402 3402 1750 3454 wenceslaus
1785 3404 1827 3457 1.
1867 3410 2133 3456 monetam
2155 3408 2302 3471 regni
2330 3404 2621 3457 Bohemiae
2643 3406 2707 3454 in
2739 3406 2874 3455 duos

492 3482 663 3517 annos
699 3467 930 3535 locavit,
968 3474 1037 3519 ut.
1062 3476 1322 3521 testantur
1354 3471 1543 3522 literae
1578 3473 1720 3523 infra
1754 3474 2021 3539 allegatae
2059 3490 2196 3539 quae
2252 3477 2309 3525 iu
2361 3476 2498 3527 libro
2555 3476 2779 3525 comitis
2816 3473 2878 3522 de

484 3536 800 3601 Sternberg:
827 3538 1289 3599 „Urkundenbuch
1308 3556 1405 3591 aur
1422 3540 1738 3593 Geschichte
1757 3543 1848 3593 der
1859 3544 2036 3593 bsshm.
2060 3544 2405 3610 Bergwerke“
2423 3544 2652 3595 ecodice
2673 3544 2875 3596 formu-

484 3605 658 3656 larum
695 3607 1000 3656 Zdenkonis
1036 3608 1099 3659 de
1137 3609 1365 3659 Trebecz
1402 3610 1761 3677 depromptae,
1798 3612 1896 3662 sub
1934 3628 1986 3662 n.
2031 3614 2094 3665 13
2147 3616 2409 3679 leguntur.
2481 3612 2648 3665 Hisee
2701 3612 2874 3665 literis

486 3674 780 3739 edocemur,
818 3676 1082 3741 quomodo
1117 3692 1201 3727 res
1238 3681 1534 3729 monetaria
1567 3681 1732 3745 priori
1768 3681 1986 3731 dimidio
2023 3683 2223 3733 saeculi
2244 3684 2394 3735 XIII.
2425 3684 2672 3733 instituta
2694 3683 2875 3734 fuerit.

614 3742 791 3843 ‘Nos
836 3742 1269 3809 Wenceslaus
1316 3746 1441 3809 Dei
1487 3750 1700 3830 gratia
1746 3771 1864 3812 rex
1910 3750 2265 3815 Bohemiae
2312 3762 2378 3815 ct
2412 3750 2708 3817 marchio
2736 3755 2872 3813 Mo-

491 3850 730 3893 raviae.

664 3914 911 3977 Notum·
950 3914 1087 3979 fieri
1136 3918 1437 4003 cupimus
1484 3920 1850 3984 evidenter:

672 4006 723 4065 1.
743 3999 936 4079 Quod
952 4012 1277 4067 monetam
1297 4006 1480 4089 regni
1498 4005 1854 4072 Bohemiae
1881 4008 2198 4076 Eberlino
2227 4013 2542 4097 magistro
2569 4022 2876 4077 monetae

492 4085 853 4149 locavimus
899 4110 1015 4171 pro
1062 4090 1553 4175 quatuordecim
1605 4092 1894 4157 millibus
1943 4117 2308 4161 marcarum
2338 4101 2618 4185 argenti,
2645 4100 2877 4165 afesto

492 4172 667 4271 beati
715 4171 889 4235 Petri
938 4196 1113 4239 nunc
1160 4186 1431 4241 venturo
1480 4200 1597 4261 per
1641 4200 1906 4261 annum,
1944 4182 2216 4265 judiciis
2263 4187 2506 4250 nostris
2555 4187 2623 4249 in
2673 4182 2875 4273 (loco)

494 4268 560 4322 et
606 4280 671 4321 111
720 4256 925 4346 (loco)
972 4262 1214 4345 pariter
1258 4263 1546 4328 inclusis.
