3150 5017
1150 362 1237 375 —
1326 324 1624 393 195-

234 499 388 566 mine
428 506 488 566 et
526 497 835 565 mandato
878 500 1089 587 ipsius
1136 501 1384 568 domini
1409 501 1616 566 nostri
1662 500 1834 585 regis
1881 507 1944 565 et
1981 500 2052 562 in
2099 501 2381 565 animam
2431 500 2572 587 ejus

227 586 466 673 juravit,
505 594 567 652 et
603 608 725 653 nos
768 586 1107 673 corporale
1154 587 1595 675 praestitimus
1631 588 2097 673 juramentum.

384 672 463 740 X.
506 673 851 741 Praeterea
874 674 1091 741 dictus
1118 675 1422 741 dominus
1453 683 1677 740 noster
1699 695 1818 741 rex
1847 694 2001 740 suas
2046 680 2111 739 et
2152 692 2274 737 nos
2321 681 2576 743 nostras

235 768 417 825 metas
458 761 547 825 sic
594 757 1039 827 custodiemus
1101 771 1164 827 et
1211 758 1729 843 observabimus,
1792 758 1965 847 quod
2009 758 2164 825 hinc
2205 758 2360 825 inde
2402 758 2578 827 idem

236 844 509 911 dominus
552 857 775 913 noster
807 870 928 914 rex
975 857 1040 914 et
1063 870 1202 930 nos,
1248 859 1568 915 terrarum
1602 855 1972 914 nostrarum
1997 846 2273 929 incolae,
2320 845 2578 934 dispen-

235 932 409 999 diosis
450 934 707 1021 injuriis
746 954 883 1001 non
926 944 1303 1019 graventur.
1348 935 1437 999 Et
1481 937 1536 999 si
1581 956 1700 1022 per
1741 942 2000 1000 nostros
2045 933 2360 1016 homines,
2408 955 2574 1021 quos

230 1020 287 1083 in
327 1020 503 1087 metis
547 1020 867 1087 habemus
912 1021 1019 1087 vel
1064 1021 1247 1104 alibi,
1291 1024 1419 1108 ipsi
1466 1022 1731 1087 domino
1776 1023 1915 1107 regi
1961 1019 2068 1086 vel
2114 1020 2258 1109 ejus
2302 1020 2574 1086 homini-

230 1104 334 1171 bus
375 1106 655 1194 dampna
697 1106 920 1193 aliqua
963 1108 1348 1191 inferentur,
1408 1117 1559 1195 post
1603 1108 2027 1175 monitionem
2073 1107 2282 1195 ipsius
2329 1105 2574 1173 domini

228 1194 407 1259 nostri
449 1196 621 1281 regis
663 1194 837 1259 infra
884 1194 1305 1281 quindenam,
1365 1216 1479 1261 eos
1553 1196 1668 1281 qui
1727 1194 2013 1281 dampna
2057 1191 2432 1275 bujnsmodi
2476 1196 2573 1261 in·

227 1278 507 1363 tulerunt,
550 1278 638 1346 ad
682 1279 1219 1347 satisfaciendum
1279 1304 1397 1369 per
1455 1283 1861 1348 coactionem
1923 1302 2190 1346 suorum
2246 1280 2574 1351 bonorum

233 1375 287 1431 et
306 1368 541 1453 jurium
571 1376 768 1454 atque
794 1370 1288 1454 occupationem
1312 1366 1805 1456 compellemus,
1851 1378 1918 1433 et
1941 1367 2023 1433 de
2047 1367 2238 1434 bonis
2280 1368 2570 1455 ipsorum

227 1452 397 1519 laesis
467 1456 721 1541 integre
784 1454 1074 1541 dampna
1132 1477 1251 1521 sua
1308 1456 1741 1522 resarciemus
1805 1463 1868 1521 et
1911 1452 2338 1521 nibilominus
2397 1456 2576 1541 ipsos

224 1548 619 1607 temeratores
662 1549 728 1607 et
772 1552 989 1607 castra
1031 1544 1323 1629 ipsorum
1350 1540 1817 1618 obsidebimus,
1863 1550 1928 1607 et
1965 1544 2021 1607 si
2043 1562 2311 1608 necesse
2355 1540 2574 1625 fuerit,

226 1649 327 1693 nos
367 1651 514 1693 mox
558 1629 1058 1716 proscriptionis
1103 1639 1168 1706 et
1212 1628 1340 1694 loci
1384 1631 1733 1717 episcopus
1756 1628 2385 1695 excomunicationis
2432 1651 2574 1696 sen·

225 1716 451 1797 tentias,
511 1715 686 1781 infra
745 1738 864 1781 sex
926 1717 1326 1804 septimanas
1386 1738 1425 1781 a
1486 1716 1756 1803 dampni
1817 1714 1953 1781 dati
2013 1724 2305 1801 tempore
2349 1737 2571 1782 nume·

223 1800 453 1885 randas,
512 1801 918 1890 proferemus
961 1804 1033 1869 in
1094 1824 1225 1885 eos,
1286 1802 1664 1869 nullatenus
1725 1800 2142 1882 relaxandas,
2202 1803 2330 1868 nisi
2389 1804 2574 1905 prius

225 1886 395 1953 laesis
438 1888 518 1955 de
564 1888 873 1976 dampnis
920 1890 1381 1973 satisfecerint,
1444 1899 1509 1955 et
1571 1911 1690 1976 pro
1750 1890 1970 1955 banno
2039 1896 2302 1954 centum
2370 1888 2576 1957 libras

222 1972 553 2061 Pragenses
618 1997 917 2042 camerae
977 1985 1238 2043 nostrae
1301 1976 1636 2043 solverint.
1726 1976 1872 2041 Hoc
1917 1976 2113 2041 etiam
2159 1974 2576 2063 saepedictus

223 2060 493 2129 dominus
558 2071 785 2128 noster
850 2085 970 2128 rex
1036 2064 1499 2146 Romanorum,
1559 2064 1616 2128 si
1677 2083 1792 2164 per
1851 2083 2003 2127 suos
2063 2083 2186 2126 nos
2252 2070 2316 2127 et
2361 2062 2571 2129 nostri

221 2148 439 2215 turbati
479 2149 799 2215 fuerimus
845 2150 948 2215 vel
1006 2152 1282 2237 gravati,
1344 2172 1459 2236 per
1520 2170 1740 2215 omnia
1785 2146 2181 2214 observabit.
2273 2146 2471 2231 Quod
2518 2152 2574 2214 si

222 2256 334 2300 non
355 2236 596 2319 fecerit,
619 2236 847 2303 fideles
873 2243 1035 2319 ejus,
1082 2258 1299 2302 comes
1325 2236 1648 2323 (nomina)
1697 2236 1792 2300 La
1814 2234 2172 2317 intrabunt,
2197 2243 2349 2301 ante
2383 2236 2573 2302 satis-

220 2319 535 2389 factionem
584 2323 951 2411 plenariam
996 2322 1237 2390 abinde
1283 2324 1661 2389 nullatenus
1677 2324 2016 2390 recessuri.
2063 2322 2308 2390 Verum
2357 2322 2412 2387 si
2454 2344 2575 2408 per

218 2429 322 2473 nos
344 2410 605 2492 steterit,
624 2412 972 2497 quominus
986 2410 1171 2477 illata
1189 2433 1304 2493 per
1335 2432 1454 2476 nos
1486 2410 1728 2497 injuria
1763 2409 1961 2496 juxta
2005 2406 2269 2475 modurn
2315 2430 2574 2497 expres·

219 2515 345 2561 sum
381 2499 679 2585 superius
723 2506 1137 2580 retractetur,
1184 2507 1342 2563 tunc
1388 2495 1616 2564 fideles
1659 2499 1865 2562 nostri
1909 2497 2208 2564 Bavarus
2255 2494 2577 2584 (nomina)

219 2582 553 2669 Znoymam
650 2606 722 2649 ro
761 2583 953 2651 nobis
995 2583 1355 2665 intrabunt,
1400 2584 1640 2649 exinde
1688 2592 1840 2650 ante
1883 2582 2394 2649 satisfactionem
2441 2583 2575 2671 ple-

220 2669 446 2737 nariam
492 2670 611 2737 nul
639 2678 870 2737 atenus
913 2672 1251 2739 recessuri.
1296 2670 1386 2736 Et
1430 2672 1511 2737 de
1558 2670 1660 2736 his
1703 2668 1984 2737 fideliter
2029 2668 2462 2737 observandis
2509 2678 2575 2738 et

220 2757 391 2822 etiam
433 2756 759 2825 faciendis
817 2767 951 2824 tam
1013 2760 1221 2861 ipsius
1283 2757 1525 2823 domini
1605 2758 1810 2824 nostri
1868 2758 2061 2843 regis,
2124 2779 2318 2845 quam
2366 2761 2575 2824 nostri

219 2841 419 2909 fideles
462 2846 781 2932 praedicti
825 2854 1293 2934 praestiterunt
1339 2844 1766 2947 corporaliter
1799 2844 2272 2931 juramentum.

367 2930 474 2999 XL
518 2932 611 2999 Et
653 2931 815 2999 haec
861 2934 952 2998 ita
1000 2933 1374 3019 procedent,
1420 2954 1476 2997 s1
1519 2933 1590 2996 in
1631 2932 2107 3011 communibus,
2151 2937 2225 2995 ut
2268 2931 2337 2993 in
2429 2950 2568 2997 rae·-

224 3013 326 3089 dis,
378 3040 409 3083 s
457 3018 605 3085 eliis
665 3019 886 3106 parvis
944 3029 1009 3086 et
1068 3021 1216 3085 aliis
1279 3020 1569 3101 minutis,
1646 3027 1710 3085 et
1768 3040 1902 3083 non
1963 3019 2032 3082 in
2079 3018 2393 3105 principa
2423 3017 2570 3082 ibus

223 3102 403 3169 articu
429 3106 503 3189 is,
550 3128 685 3193 pax
730 3128 771 3171 a
815 3114 1109 3172 nostrum
1157 3104 1375 3192 aliquo
1438 3106 1577 3171 sive
1623 3107 1862 3171 nostris
1907 3103 2105 3169 fuerit
2149 3098 2412 3169 violata.
2501 3102 2575 3171 Si

219 3192 463 3257 veroin
509 3192 890 3276 ma'oribus,
938 3202 1009 3258 ut
1069 3194 1137 3259 in
1197 3191 1737 3279 occupationibus
1797 3191 2232 3255 munitionum
2294 3212 2410 3257 seu
2469 3212 2572 3257 ca-

219 3282 472 3343 strorum
539 3216 907 3345 solennium
970 3288 1035 3345 et
1108 3280 1484 3365 insignium,
1560 3288 1626 3345 et
1687 3277 2017 3359 similium,
2079 3276 2183 3343 vel
2245 3278 2572 3345 occisione

258 3384 511 3433 ersonae
559 3364 851 3433 solennis
911 3374 977 3433 et
1018 3367 1259 3453 gravis,
1320 3388 1439 3454 per
1498 3368 1715 3453 ipsum
1778 3364 1950 3429 dom.
2011 3373 2304 3429 nostrum
2350 3386 2570 3451 regem

216 3382 635 3521 Romanorum
712 3452 820 3519 vel
900 3454 1105 3556 ipsius
1166 3452 1461 3520 homines
1540 3454 1722 3541 pacis
1783 3451 2105 3519 ordinatio
2168 3449 2366 3517 fuerit
2435 3453 2571 3518 vio·

217 3532 351 3621 lata,
394 3562 514 3607 nec
556 3540 734 3607 idem
780 3538 1083 3607 dommus
1130 3562 1251 3606 rex
1296 3539 1480 3605 illata
1544 3539 1718 3605 infra
1780 3540 2130 3605 terminum
2176 3560 2563 3626 expressum

218 3627 493 3710 superius
552 3625 1001 3694 emendaverit
1073 3626 1180 3693 vel
1254 3628 1708 3693 retractaverit
1765 3628 1961 3713 juxta
2035 3623 2296 3689 modum
2374 3646 2574 3712 supra

218 3720 519 3781 notatum:
590 3723 836 3780 extunc
880 3737 1027 3781 ven.
1094 3714 1505 3781 Pataviensis
1550 3715 1900 3801 episcopus
1947 3722 2011 3779 et
2054 3709 2343 3778 illustres
2391 3713 2568 3798 prin-

218 3796 396 3883 cipes,
442 3800 525 3865 D.
552 3800 625 3867 L.
674 3821 893 3867 comes
936 3800 1271 3889 palatinus
1315 3801 1501 3882 Beni,
1550 3800 1688 3866 dux
1709 3802 1998 3867 Bavaria
2042 3807 2105 3863 et
2150 3799 2233 3864 D.
2279 3797 2382 3864 Al.
2431 3798 2569 3867 dux

220 3879 549 3969 Saxoniae,
597 3909 675 3955 ac
698 3887 809 3954 alii
838 3887 1200 3965 duodecim,
1253 3910 1415 3975 quos
1462 3886 1542 3953 dc
1586 3888 1791 3974 ipsius
1854 3886 2099 3951 domini
2147 3886 2351 3949 nostri
2395 3890 2568 3973 regis

221 3971 561 4051 comitibus,
604 3974 938 4041 nobilibus
982 3984 1048 4041 et
1093 3972 1632 4041 ministerialibus
1665 3974 1878 4039 dictus
1923 3972 2379 4039 Olomucensis
2438 3974 2571 4060 epi-

222 4075 435 4144 scopus
509 4060 821 4147 elegerit,
898 4072 1241 4149 postquam
1302 4084 1418 4149 per
1475 4082 1597 4125 nos
1658 4061 1884 4125 moniti
1951 4059 2195 4124 fuerint
2253 4081 2368 4146 per
2433 4060 2575 4128 lite-

222 4162 321 4207 ras
376 4146 474 4212 vel
535 4170 655 4234 per
713 4150 975 4216 nuntios
1043 4156 1320 4231 nostros,
1394 4147 1842 4213 Nuremberch
1900 4146 2274 4229 intrabunt,
2333 4146 2576 4216 abinde

226 4228 579 4301 nullatenus
636 4238 976 4317 recessuri,
1052 4237 1180 4301 nisi
1241 4237 1423 4322 prius
1485 4256 1603 4320 per
1675 4236 1890 4321 ipsum
1954 4232 2289 4299 dominum
2347 4257 2570 4323 regem

222 4315 494 4400 plenaria
553 4322 909 4390 satisfactio
971 4322 1409 4409 impendatur.
1498 4321 1587 4387 Et
1649 4343 1846 4408 super
1921 4342 1995 4387 eo
2043 4322 2376 4474 ἷέἒθᾶὶοῐί
2437 4332 2569 4389 tres
