3150 5017
1114 345 1599 412 -115—

191 529 448 586 montem
506 521 863 588 invenerit:
911 539 1290 586 mensuren-

191 614 282 672 tur
321 608 380 672 ei
422 615 662 692 septem
712 606 887 672 lanei
909 629 994 674 ex
1015 615 1292 693 utraque

189 703 382 779 parte,
440 693 702 762 domino
761 695 901 778 regi
969 713 1142 758 unus
1209 712 1294 759 ex

187 789 434 866 utraque
445 790 640 866 perte,
655 779 1092 866 burgensibus
1105 801 1190 844 un
1197 802 1293 846 us.

339 871 394 948 §-
413 869 472 932 4.
510 866 903 932 Inventores
924 889 1081 932 vero
1115 890 1294 932 mon-

190 954 259 1018 tis
301 951 539 1020 dabunt
582 953 714 1018 biis
845 955 868 1016 i
912 968 1296 1019 mensurant

189 1049 462 1115 montem,
508 1039 642 1106 VII
687 1063 718 1104 s
787 1041 932 1106 idos
981 1040 1230 1106 breves.

337 1229 422 1294 Π.

1399 540 1642 584 novum
1674 528 1955 585 montem
1982 521 2323 604 invenerit,
2360 545 2537 587 men·

1397 616 1704 672 surentur
1779 607 1837 671 ei
1901 616 2148 692 septem
2210 606 2384 672 lanei
2456 632 2541 674 ex

1399 703 1675 780 utraque
1694 701 1897 777 parte,
1916 693 2183 760 domino
2201 700 2337 780 regi
2368 717 2539 760 unus

1399 801 1486 844 ex
1531 789 1809 866 utraque
1848 789 2052 866 parte,
2100 781 2541 868 burgensibus

1399 887 1592 931 unus.
1684 871 1742 949 ξ.
1800 868 1863 933 4.
1931 868 2319 934 Inventores
2383 889 2539 934 vero

1400 955 1639 1018 montis
1731 954 1889 1020 dent
1975 955 2541 1021 mensuratoribus

1401 1038 1534 1104 VH
1581 1040 1825 1106 solidos
1870 1041 2126 1108 breves.

1571 1232 1659 1297 Π.
1681 1231 1874 1297 Hanc
1907 1243 2125 1299 tamen
2169 1257 2543 1302 mensuram

1405 1319 1507 1384 his
1581 1322 1959 1402 praemissis
2058 1321 2544 1388 conditionibus

1407 1403 1684 1492 quilibet
1727 1429 1942 1472 novus
1990 1430 2173 1474 mons
2199 1410 2547 1476 obtinebit:

1406 1497 1468 1575 ξ.
1521 1497 1576 1557 1.
1626 1493 1695 1558 Si
1744 1495 1985 1559 montis
2032 1496 2337 1563 inventor
2374 1519 2544 1562 mea·

1407 1589 1546 1644 tum
1624 1601 1811 1644 suum
1876 1603 1915 1644 a
1975 1603 2359 1649 concessore
2398 1585 2547 1672 jure

1406 1666 1633 1732 debito
1680 1686 1866 1732 susce
1914 1670 1986 1734 it:
2032 1669 2183 1734 licet
2228 1671 2339 1736 alii
2376 1673 2550 1736 circa

1407 1755 1624 1840 ipsum
1672 1754 1872 1818 metal
1902 1777 2012 1818 um
2054 1757 2399 1824 inveniant
2442 1757 2550 1824 vel

1411 1841 1731 1920 habeant,
1778 1850 1999 1906 tamen
2062 1845 2313 1929 primus
2380 1865 2550 1910 mea·

1411 1938 1596 1992 tuum
1644 1936 1985 2015 susceptor
2034 1931 2147 2014 jus
2194 1953 2382 1995 suum
2433 1932 2552 1996 ob-

1411 2013 1668 2095 tinebit,
1740 2015 1807 2078 in
1868 2037 1947 2080 eo
1992 2015 2323 2099 videlicet,
2371 2017 2548 2105 quod

1413 2109 1667 2167 meatus
1734 2103 1877 2186 ejus
1937 2104 2151 2188 primo
2212 2127 2251 2168 a
2306 2106 2545 2190 juratis

1415 2186 1763 2254 secabitur.
1812 2193 1870 2271 ξ.
1917 2192 1974 2253 2.
2023 2188 2156 2255 Sed
2201 2193 2253 2256 si
2300 2200 2554 2256 meatus

1413 2279 1559 2362 ejus
1606 2294 1915 2340 mensura
1960 2274 2196 2361 dignus
2241 2299 2374 2343 non
2419 2279 2556 2366 fue·

1413 2365 1518 2445 rit,
1582 2372 1829 2426 extunc
1874 2364 2165 2429 secundo
2213 2374 2546 2431 meatuum

1417 2451 1797 2536 susceptori,
1848 2448 1951 2514 vel
1998 2452 2187 2516 tertio
2219 2452 2283 2517 in
2327 2452 2556 2518 eodem

1415 2538 1666 2602 minere
1757 2535 2230 2622 laborantibus,
2324 2539 2553 2605 eodem

1412 2625 1581 2711 jure,
1608 2643 1735 2710 quo
1762 2625 1989 2710 primo,
2019 2626 2349 2691 secabitur
2384 2647 2557 2691 mea-

1417 2721 1543 2775 tus.
1608 2714 1665 2792 §.
1729 2709 1788 2774 3.
1858 2711 1944 2776 Et
1988 2714 2367 2799 quicunque
2415 2713 2554 2778 illo·

1419 2819 1564 2861 rum
1626 2796 1847 2884 plures
1918 2796 2143 2863 foveas
2212 2802 2279 2864 in
2350 2799 2556 2865 fundo

1421 2905 1539 2970 per
1582 2883 1937 2948 amfractus
1982 2893 2394 2972 contignatas
2446 2885 2562 2950 ba-

1421 2971 1669 3036 buerit:
1762 2972 1812 3033 si
1886 2970 2259 3037 laborantes
2332 2983 2564 3037 contra

1421 3061 1635 3144 ipsum
1684 3079 1905 3120 carere
1954 3058 2297 3132 noluerint¹
2348 3061 2458 3145 jus
2504 3069 2569 3124 et

1423 3145 1534 3208 ille
1571 3143 1693 3230 ⁴qui
1742 3152 1839 3206 est
1863 3146 2003 3208 lcco
2054 3146 2563 3225 urborariorum‚

1425 3231 1646 3319 ipsum
1706 3230 2104 3322 compellent
2187 3232 2565 3317 juramento

1427 3321 1492 3382 in
1533 3316 1749 3382 medio
1782 3317 2237 3400 instrumentO,
2274 3321 2448 3405 quod
2470 3319 2559 3382 di·

1425 3406 1597 3468 citur
1642 3425 1729 3466 ru
1753 3425 1793 3467 n
1815 3406 1851 3464 b
1875 3426 1909 3466 o
1936 3426 1978 3467 u
1999 3427 2057 3467 m
2088 3407 2419 3491 praestito,
2449 3405 2556 3470 ob—

1425 3494 1657 3572 tinere,
1704 3488 1882 3576 quod
1906 3489 2092 3555 illum
2144 3501 2424 3555 mea-tum
2477 3513 2561 3556 ex
2647 3499 2657 3506 '

1427 3579 1542 3643 tali
1592 3578 1786 3642 fovea
1832 3580 2138 3664 suscepit,
2188 3587 2251 3642 et
2296 3601 2415 3665 per
2450 3579 2571 3642 hoc

1429 3664 1771 3744 obtinebit,
1834 3665 2009 3748 quod
2072 3667 2268 3750 jurati
2350 3674 2571 3728 secent

1433 3760 1713 3815 meatum
1760 3771 1973 3814 suum.
2024 3755 2081 3833 ξ.
2131 3752 2193 3814 4.
2242 3751 2329 3814 Et
2376 3753 2428 3814 si
2471 3753 2569 3834 ju·

1431 3841 1553 3902 rati
1602 3857 1799 3924 super
1840 3836 2035 3902 fidem
2085 3859 2265 3900 suam
2312 3859 2570 3924 recepe·

1431 3929 1581 4004 rint,
1694 3921 1825 3988 uod
1872 3926 1939 3987 in
2001 3922 2445 4010 profunditate
2514 3933 2578 3989 et

1433 4013 1499 4075 in
1549 4012 1671 4076 stol
1704 4035 1829 4076 one
1851 4009 1982 4074 tale
2031 4009 2367 4075 metallum
2396 4009 2575 4076 vide·
2668 4051 2675 4057 -

1436 4100 1565 4161 rint
1635 4107 1700 4162 et
1763 4096 2163 4183 reliquerint,
2240 4098 2416 4183 quod
2496 4101 2580 4162 sit

1437 4205 1742 4248 mensura
1810 4183 2080 4269 dignum
2141 4193 2204 4248 et
2250 4189 2579 4250 examina·

1435 4282 1568 4335 tum
1650 4292 1844 4356 super
1941 4291 2169 4335 omnes
2250 4293 2573 4360 expensas

1442 4377 1633 4422 casae
1681 4355 1790 4422 det
1836 4357 1917 4420 ad
1968 4358 2182 4422 minus
2231 4379 2362 4422 una
2409 4357 2575 4422 cale-

2090 4442 2173 4509 8⁴}
