3150 5017
1167 329 1645 412 -159-

211 511 326 578 dio
371 508 460 582 ad
501 509 778 582 salutem
822 516 919 582 rei
963 515 1269 603 publicae
1312 517 1605 598 obviare,
1667 517 1795 582 uisi
1838 526 1907 584 et
1948 519 2020 582 in
2064 518 2213 584 aliis
2258 521 2591 586 communi

209 600 486 664 utilitati
527 603 1002 688 circumspecte
1049 625 1126 667 ac
1171 602 1444 689 provide
1497 604 1912 685 consulatur,
1974 625 2091 692 per
2150 607 2415 672 eosdem
2479 607 2593 670 ba-

209 707 416 750 rones
459 696 718 753 nostros
783 688 1124 754 decretum
1171 699 1274 754 est
1317 689 1442 756 hoo
1488 692 1685 754 etiam
1750 699 1815 755 et
1874 699 2222 757 statutum:
2270 692 2325 775 §-
2376 693 2433 758 1.
2503 691 2597 757 Ut

207 770 436 838 nullus
477 775 550 838 in
591 773 898 842 claustris
941 784 1058 842 aut
1104 778 1173 839 in
1220 775 1414 842 bonis
1459 776 1925 842 claustralibus
1968 777 2191 863 aliqua
2215 777 2461 864 placita
2484 779 2592 842 vel

207 860 598 924 venationes
641 881 1006 942 cervorum,
1073 860 1391 948 leporum,
1437 864 1662 928 avium
1707 872 1821 928 aut
1866 864 2443 950 qualiumcumque
2498 864 2589 928 fe-

211 966 434 1008 rarum
481 945 724 1010 audeat
766 969 1099 1029 exercere,
1145 948 1264 1014 sed
1309 950 1364 1014 si
1409 949 1649 1035 aliquis
1695 949 1979 1015 voluerit
2020 949 2355 1036 placitare,
2402 971 2481 1014 ea
2522 951 2591 1013 in

207 1031 463 1098 nostris
505 1032 890 1098 civitatibus
934 1033 1228 1101 celebret
1271 1043 1335 1101 et
1380 1045 1759 1122 pertractet.

1359 1349 1462 1410 53.

793 1479 1236 1567 Primordia
1269 1481 1478 1588 juris
1523 1483 1997 1568 vinetorum.

1311 1626 1496 1688 1266.

409 1759 611 1808 Vitium
650 1759 858 1811 cultura
893 1761 952 1810 in
987 1760 1248 1811 Bohcmia
1282 1761 1629 1824 Moraviaque
1665 1761 1733 1811 ab
1768 1763 2179 1830 antiquissimis,
2214 1777 2436 1827 quorum
2476 1777 2585 1813 me·

203 1827 372 1877 moria
383 1827 566 1890 aliqua
575 1833 766 1892 exstat,
779 1831 943 1894 repeti
955 1835 1130 1896 potest
1149 1829 1490 1895 temporibus.
1512 1831 1723 1880 Etenim
1730 1830 1845 1894 jam
1860 1832 2172 1882 coenobium
2188 1830 2591 1884 Brewnowense

208 1911 254 1945 a.
296 1899 400 1946 993
433 1897 732 1961 conditum,
764 1897 1026 1950 donatum
1060 1904 1144 1950 est
1179 1900 1298 1948 vico
1333 1899 1641 1948 Veleslavin
1676 1914 1841 1964 prope
1877 1901 2105 1964 Pragam
2130 1903 2235 1952 aito
2275 1902 2588 1961 „cumomni

203 1965 410 2016 familia
453 1965 524 2016 ad
551 1965 746 2018 vineas
778 1967 1169 2033 excolendas“;
1225 1967 1442 2017 saeculo
1479 1968 1574 2017 XI.
1615 1974 1915 2019 mercatura
1948 1971 2159 2020 vinaria
2192 1984 2285 2033 per
2318 1984 2484 2019 naves
2526 1971 2586 2018 in

201 2035 323 2116 Aolbi
355 2033 524 2166 {1833
559 2036 878 2102 navigantes
913 2038 1258 2088 exercebatur
1283 2032 1382 2102 (de
1417 2037 1540 2086 vino
1577 2035 1718 2101 quod
1755 2036 1965 2088 ducitur
2020 2039 2265 2104 superius
2302 2039 2414 2087 sive
2448 2039 2584 2087 infe-

205 2119 315 2153 nus
515 2139 534 2153 .

405 2171 610 2222 Vineae
645 2178 800 2224 erant
829 2175 888 2224 in
924 2173 1182 2225 Bohemia
1233 2175 1378 2224 circa
1427 2179 1659 2224 castrum
1694 2173 1984 2238 Pragense‚
2022 2175 2167 2226 circa
2202 2179 2435 2224 castrum
2470 2174 2583 2238 Vy-

201 2240 519 2305 segradense
569 2241 651 2307 (in
699 2244 816 2292 vico
873 2244 1038 2308 Psary
1077 2243 1253 2308 1178),
1291 2245 1436 2293 circa
1469 2247 1706 2292 castrum
1742 2244 2161 2293 Lutomiricense
2200 2241 2445 2308 (Zasadi‚
2483 2243 2584 2293 Po-

203 2309 409 2372 kratiei,
457 2295 685 2360 Ziteuici
735 2313 882 2372 1057,
947 2313 1118 2377 1088),
1163 2315 1308 2363 circa
1343 2313 1568 2376 burgum
1606 2313 1827 2360 Pontem
1868 2313 2021 2375 1207,
2058 2313 2113 2360 in
2150 2313 2395 2362 Moravia
2430 2311 2574 2375 apud

201 2377 492 2443 Znoymam
525 2385 760 2430 castrum
795 2386 848 2430 et
881 2381 1095 2431 Lukam
1129 2382 1314 2431 villam
1355 2383 1506 2447 1222,
1548 2381 1699 2443 1252,
1749 2381 1817 2431 ad
1855 2379 2041 2431 villam
2092 2381 2383 2432 Miroslava
2432 2383 2584 2445 1222,

204 2447 268 2496 ad
301 2453 535 2498 castrum
575 2451 728 2515 1253,
765 2451 906 2499 circa
941 2456 1171 2500 castrum
1211 2450 1512 2501 Stracbotin
1553 2451 1687 2500 1252
1704 2449 1781 2514 (in
1804 2449 2032 2513 Skalice,
2070 2451 2333 2513 Fundi-an,
2372 2448 2573 2515 Zajeci‚

203 2515 474 2578 Pauievie,
510 2517 818 2580 Nason-adio,
856 2517 1084 2584 Pfitluk,
1121 2519 1364 2583 Stiboric,
1401 2519 1675 2584 Popovic)‚
1710 2521 1769 2568 in
1806 2519 2057 2569 confiniis
2094 2520 2255 2570 castri
2290 2519 2419 2569 olim
2474 2519 2576 2569 Ve-

205 2585 530 2650 legradensis
569 2588 699 2637 1261
739 2586 1052 2651 (ΡοΙοέονὶο,
1088 2589 1330 2654 Brestek‚
1368 2589 1614 2638 Maratici
1656 2589 1830 2651 1253).

391 2655 703 2706 ΔΡι·ἰκιιοτ(1ὶει.
747 2655 887 2720 juris
936 2659 1196 2708 montium
1244 2660 1282 2707 i.
1321 2674 1367 2706 e.
1404 2659 1677 2707 vinearum
1711 2658 2047 2708 in.Moravia
2081 2657 2406 2722 temporibus
2443 2657 2575 2706 Bru-

205 2725 360 2772 nonis
397 2725 630 2790 epIscopi
669 2724 1040 2776 olomucensis
1075 2728 1427 2792 reperiuntur,
1460 2732 1522 2775 'ut
1557 2731 1821 2776 testantur
1857 2726 2043 2777 literae
2078 2727 2166 2776 bic
2203 2727 2420 2776 allatae.

407 2791 642 2859 (Boczek
677 2793 807 2844 eod.
842 2796 976 2846 Mor.
1015 2811 1046 2846 e
1080 2795 1195 2850 cod.
1233 2796 1484 2846 Kremsir.
1521 2796 1622 2846 ΙΙΙ.
1660 2795 1803 2860 377.)

375 2945 600 3012 Bruno
645 2947 776 3012 Dei
818 2950 1032 3033 gratia
1077 2949 1426 3033 episcopus
1495 2947 1977 3029 olomucensis,
2043 2943 2348 3010 omnibus
2411 2945 2583 3012 hanc

211 3033 516 3116 pagiuam
567 3034 965 3120 inspecturis
1013 3036 1081 3101 in
1131 3043 1544 3120 perpetuum.

377 3119 542 3185 Cum
591 3142 810 3184 rerum
854 3130 1192 3205 gestarum
1241 3122 1607 3185 certissima
1652 3120 2173 3204 repraesentatio
2236 3119 2321 3182 sit
2378 3118 2586 3204 scrip-

208 3212 372 3285 tura,
415 3227 588 3292 quae
634 3205 715 3270 de
759 3208 1110 3272 verborum
1161 3208 1332 3272 serie
1375 3205 1791 3270 redactorum
1837 3204 1905 3269 in
1953 3227 2098 3268 eam
2145 3202 2310 3267 nihil
2355 3204 2593 3269 minuit

211 3300 322 3356 aut
364 3300 592 3365 mutat,
639 3301 865 3358 notum
911 3315 1056 3358 esse
1104 3295 1403 3379 cupimus
1451 3291 1895 3380 praesentium
1942 3299 2171 3356 tenore
2215 3299 2349 3355 tam
2374 3299 2588 3375 poste-

213 3378 304 3440 ris
347 3399 539 3463 quam
585 3378 934 3460 modernis,
980 3380 1157 3464 quod
1202 3379 1379 3466 apud
1425 3377 1741 3464 oppidum
1786 3388 2085 3442 nostrum
2135 3376 2447 3462 Cremsyr
2491 3377 2591 3441 vi-

214 3484 368 3528 neas
412 3461 726 3531 locandas
771 3465 1074 3530 dedimus
1120 3474 1187 3530 et
1232 3466 1627 3552 plantandas
1687 3485 1765 3528 ac
1826 3463 2129 3528 omnibus
2184 3465 2298 3548 qui
2364 3467 2593 3527 vineas

213 3548 444 3616 ibidem
491 3553 864 3636 receperint
907 3562 973 3616 et
1017 3551 1484 3637 plantaverint,
1533 3573 1652 3636 per
1696 3551 1925 3615 decom
1951 3572 2271 3613 annorum
2306 3551 2590 3636 spatium

216 3636 598 3702 conferimus
641 3635 1034 3718 libertatem,
1083 3637 1319 3723 quibus
1365 3637 1707 3723 completis
1753 3636 2013 3702 solvent
2060 3634 2251 3700 nobis
2298 3633 2385 3700 de
2426 3636 2587 3720 ipsis

215 3721 433 3806 vineis,
479 3734 552 3787 ut
595 3725 665 3789 in
710 3723 874 3790 locis
919 3723 1088 3806 aliis,
1135 3728 1202 3788 in
1249 3723 1486 3809 quibus
1532 3724 1731 3787 etiam
1778 3722 2105 3788 habentur
2147 3723 2383 3788 vineae
2409 3767 2427 3798 ,
2473 3721 2585 3786 ob·

217 3808 372 3872 tinet
412 3810 834 3891 consuetudo,
897 3809 1260 3897 eodemque
1319 3809 1705 3894 gaudebunt
1754 3810 1928 3893 jure,
1988 3829 2119 3894 quo
2180 3818 2246 3872 et
2299 3805 2411 3871 alii
2474 3808 2585 3894 qui

221 3893 524 3960 vineasin
551 3895 851 3960 Moravia
877 3904 1108 3961 tenent
1131 3907 1197 3960 et
1223 3896 1577 3981 possident,
1624 3895 1914 3978 gaudere
1961 3901 2321 3956 noscuntur
2380 3901 2444 3957 et
2504 3892 2589 3957 ad

220 3977 582 4046 Com-adum
631 3981 711 4046 de
755 3981 1194 4066 Landisberg,
1239 3981 1556 4046 famulum
1604 3990 1901 4046 nostrum
1936 3979 2269 4060 dilectum,
2318 3979 2588 4066 oppida-

221 4083 372 4127 num
411 4076 697 4134 nostrum
757 4070 830 4134 in
881 4068 1218 4151 Gremsyr,
1280 4070 1385 4131 cui
1430 4067 1826 4131 locationem
1872 4067 2213 4131 vinearum
2262 4067 2587 4131 commisi-

223 4170 376 4224 mus,
416 4175 735 4240 quemque
831 4153 1361 4220 erkmaister
1403 4155 1681 4219 fecimus
1714 4151 1958 4217 ibidem
1996 4161 2059 4215 et
2104 4154 2583 4234 constituimus,

221 4233 289 4296 in
332 4255 444 4322 quo
487 4250 552 4306 et
593 4240 748 4306 hero
798 4263 868 4308 es
913 4241 1015 4306 sui
1061 4239 1417 4306 succedent
1459 4239 1693 4323 eidem,
1760 4239 1829 4304 in
1876 4237 2316 4325 suscipiendis
2374 4240 2586 4306 vineis
