3150 5017
507 305 779 367 man.
864 327 895 342 =1
1449 322 1565 350 -.
1625 276 1754 350 394
1837 320 1922 334 --

509 458 889 543 exordium3
936 457 1083 525 ideo
1125 458 1205 525 de
1246 460 1411 545 ipsa,
1459 465 1524 524 et
1548 458 1630 524 de
1676 457 1823 523 aliis
1863 454 2290 543 sequentibus
2335 455 2612 533 eandem
2651 474 2839 542 usque

506 550 591 615 ad
616 546 1021 616 definitivam
1068 548 1480 627 sententiam,
1504 546 1574 610 in
1599 544 1723 611 hac
1749 544 1980 610 ultima
2009 543 2334 631 particula
2375 551 2844 631 pertractemus.

714 640 774 719 ξ.
857 638 913 704 1.
1016 636 1139 699 Est
1214 643 1429 699 autem
1505 632 1642 703 litis
1716 633 2102 700 contestatio
2175 632 2556 719 principalis
2627 630 2851 717 negotii

514 723 689 810 apud
736 746 924 789 suum
962 724 1255 808 judicem
1302 744 1420 808 pro
1466 720 1781 786 tribunali
1815 720 2152 786 sedentem
2197 720 2434 785 actoris
2476 728 2545 788 et
2583 718 2677 784 rei
2709 718 2854 802 ¹hino

510 809 667 876 inde
712 811 886 875 facta
933 810 1254 889 narratio,
1302 808 1385 873 ob
1434 830 1697 873 causam
1743 807 2085 893 injudicio
2108 807 2626 894 procedendistg.
2669 805 2724 869 2.
2763 804 2862 869 Fit

512 907 731 963 autem
776 896 912 963 litis
961 897 1347 973 contestatio
1392 918 1511 983 per
1553 896 1997 961 narrationem
2045 896 2288 960 actoris
2330 896 2400 959 in
2435 894 2687 980 judicio
2726 912 2856 979 pro-

511 987 810 1071 positam,
870 994 933 1049 et
977 984 1470 1071 responsionem
1539 985 1634 1048 rei
1695 983 1875 1048 litem
1923 981 2338 1048 contestandi
2382 983 2603 1046 animo
2648 978 2856 1044 subse·

512 1081 763 1157 cutam;
811 1074 1031 1159 itaque
1052 1072 1167 1137 lite
1194 1077 1557 1137 contestata
1578 1071 1798 1137 statim
1823 1070 1944 1135 erit
1967 1070 2434 1156 praestandum
2467 1066 2861 1153 calumpniae

511 1161 974 1245 juramentum.

1525 1527 1699 1608 Gap.
1744 1523 1864 1590 IX.

1214 1682 1313 1746 De
1338 1645 1727 1766 juramentis
1770 1680 2190 1767 calumpniae.

688 1854 1131 1940 Cogitandum
1178 1853 1390 1937 nobis,
1420 1850 2318 1921 sublatis'consuetudinibus
2363 1852 2532 1919 male
2577 1851 2877 1919 adinven-

514 1944 619 2019 tis,
663 1944 989 2008 virtuosas
1040 1943 1213 2093 {uris
1272 1943 1533 2028 regulas
1595 1951 1851 2007 nostros
1911 1941 2241 2028 subjectos
2302 1942 2372 2007 in
2432 1942 2613 2006 omni
2675 1940 2877 2027 quiete

516 2032 659 2095 sine
703 2029 927 2116 aliqua
972 2052 1050 2095 ca
1077 2032 1349 2116 umpnia
1418 2038 1888 2094 conservantes
1933 2031 2003 2094 in
2071 2050 2186 2116 spe
2225 2027 2443 2099 ,fertili
2491 2027 2875 2113 subrogare,

514 2117 791 2203 ideoque
828 2118 1277 2201 juramentum
1322 2116 1737 2200 calumpniae
1797 2118 1867 2181 in
1911 2138 2223 2202 magnum
2267 2115 2634 2181 remedium
2677 2114 2876 2179 litium

516 2203 1054 2285 dirimendarum,
1099 2205 1445 2268 statuimus
1490 2203 1616 2268 hoc
1641 2203 1873 2280 edicto,
1921 2203 2235 2289 deinceps
2279 2205 2496 2269 statim
2565 2201 2688 2268 lite
2733 2221 2876 2266 con-

518 2300 754 2355 testata
799 2314 839 2356 a
881 2291 1179 2378 partibus
1226 2289 1638 2377 litigantibus
1684 2292 1826 2357 sine
1871 2290 2385 2356 contradictione
2431 2289 2729 2377 qualibet
2749 2308 2880 2354 esse

518 2378 1004 2465 praestandum.

691 2465 748 2549 ἕ.
798 2467 853 2531 1.
898 2466 1023 2531 Est
1068 2474 1285 2529 autem
1332 2463 1750 2552 calumpniae
1787 2466 2261 2549 juramentum,
2315 2486 2463 2531 cum
2527 2464 2680 2550 quis
2724 2463 2886 2547 jurat

522 2552 645 2618 sub
691 2552 867 2618 bona
910 2553 1058 2636 fine,
1102 2574 1237 2618 non
1282 2550 1777 2638 calumpniandi
1812 2554 2030 2617 animo
2077 2573 2271 2639 agere
2316 2551 2422 2618 vel
2472 2550 2884 2638 respondere.

520 2638 651 2705 Sed
676 2638 1048 2726 calumpnia
1065 2647 1164 2704 est
1181 2637 1349 2703 falsa
1410 2640 1590 2704 etitio
1613 2638 1720 2703 vel
1737 2640 1982 2727 injusta
2003 2639 2292 2725 repulsio
2319 2633 2606 2705 scienter
2620 2639 2881 2703 intenta.

522 2731 583 2811 ξ.
629 2728 689 2792 2.
782 2724 886 2793 Ob
934 2726 1061 2791 hoc
1107 2746 1266 2791 vero
1391 2734 1604 2792 ostrae
1661 2726 2154 2813 Magnetudinis
2213 2725 2533 2792 celsitudo
2595 2723 2884 2809 calump-

519 2814 669 2879 niae
694 2813 977 2879 instituit
1004 2815 1477 2900 juramentum,
1523 2813 1698 2900 quod
1745 2812 2115 2901 specialiter
2159 2816 2365 2879 nostri
2409 2812 2884 2900 regalis-inter·

522 2912 620 2966 est
678 2900 897 2982 officii,
961 2908 1206 2967 temere
1267 2900 1678 2987 litigantibus
1723 2922 1984 2966 omnem
2050 2902 2225 2966 viam
2287 2900 2721 2988 praecludere
2765 2919 2889 2963 ma-

517 2988 837 3074 lignandi,
884 2987 1335 3054 conservando
1381 2992 1451 3051 in
1476 2999 2059 3075 quantumcunque
2103 2990 2450 3073 possimus,
2494 2986 2765 3053 illaesos
2811 2982 2886 3049 ab

522 3078 699 3140 omni
746 3074 1124 3162 calumpnia
1168 3077 1571 3141 innocentes.
1665 3074 1774 3141 Ad
1833 3077 2023 3161 cujus
2070 3076 2372 3142 effectum
2419 3075 2756 3140 mediante
2790 3073 2886 3158 ju-

522 3164 699 3227 stitia
789 3162 1213 3229 effectualiter
1279 3162 1740 3249 exequendum
1807 3165 2096 3229 omnium
2167 3162 2462 3229 fidelium
2519 3171 2886 3227 nostrorum

522 3250 882 3315 studiosam
942 3272 1205 3337 operam
1266 3248 1463 3335 digne
1523 3249 1834 3314 duximus
1906 3249 2338 3332 invitandam,
2383 3272 2540 3315 vera
2575 3250 2887 3335 justaque

510 3336 764 3422 judicia
807 3337 1227 3403 immobiliter
1272 3337 1584 3419 stabilire,
1632 3359 1716 3401 ex
1762 3359 1890 3424 quo
1936 3338 2174 3402 clarior
2217 3338 2436 3424 aliquo
2468 3334 2686 3402 sidere
2712 3355 2886 3423 prae-

516 3422 795 3509 fulgebit
838 3424 1015 3491 salus
1060 3432 1125 3489 et
1168 3425 1376 3488 honor
1418 3426 1618 3489 totius
1662 3426 1847 3509 regni
1895 3426 2099 3489 nostri
2144 3446 2222 3489 ac
2268 3425 2559 3505 omnium
2595 3422 2886 3491 fidelium

520 3519 895 3578 nostrorum
938 3509 1375 3577 habitantium
1420 3514 1489 3575 in
1534 3510 1801 3593 eodem;
1850 3513 2005 3599 quia
2048 3510 2212 3575 nihil
2258 3522 2376 3594 est,
2422 3509 2599 3598 quod
2645 3510 2886 3575 clarius

519 3597 765 3663 lumine
810 3598 1078 3684 fulgeat,
1124 3619 1318 3685 quam
1380 3620 1529 3663 cum
1578 3597 1842 3685 justitia
1899 3608 2080 3665 recta
2123 3598 2286 3663 fides
2329 3601 2400 3663 in
2444 3599 2783 3686 principe,
2831 3600 2889 3659 et

522 3707 740 3751 nonne
785 3684 1003 3771 fulgor
1045 3687 1361 3773 principis
1423 3707 1649 3751 omnes
1709 3685 1835 3751 sibi
1880 3684 2109 3751 fideles
2154 3686 2445 3767 irradiat,
2491 3696 2555 3751 et
2601 3680 2891 3749 electos?

447 3818 455 3823 -
516 3772 861 3838 inferiores
884 3774 1055 3837 enim
1082 3794 1345 3837 suorum
1393 3784 1772 3839 corruscant
1816 3773 2016 3838 radiis
2063 3772 2492 3838 dominorum.
2539 3770 2646 3839 Ob
2696 3791 2888 3858 quam

522 3882 658 3925 rem
704 3862 933 3925 merito
979 3856 1286 3926 tenentur
1329 3859 1611 3946 subjecti
1656 3881 1922 3947 operam
1947 3860 2102 3925 dare
2141 3882 2259 3926 suo
2307 3860 2584 3946 principi
2628 3858 2892 3924 fidelem

522 3948 607 4012 ad
655 3969 915 4013 omnem
967 3948 1295 4033 justitiam
1357 3947 1833 4034 exequendam,
1895 3970 1977 4013 ne
2039 3949 2323 4032 suspecti
2388 3948 2743 4020 videantur
2789 3944 2890 4008 do-

524 4035 700 4099 mino
770 4056 919 4099 cum
966 4057 1083 4099 suo
1157 4035 1501 4100 dissentire
1563 4043 1790 4100 contra
1871 4034 2348 4121 rempublicam
2415 4034 2889 4099 obtrectantes:

524 4122 641 4187 sed
700 4130 920 4187 tamen
968 4121 1145 4209 quod
1187 4122 1468 4208 principi
1530 4120 1794 4207 placuit,
1841 4121 2005 4208 legis
2050 4123 2344 4207 vigorem
2402 4121 2636 4203 habet;
2698 4116 2890 4183 labiis

496 4209 697 4271 ‘enim
743 4213 910 4295 regit
953 4232 1093 4289 rex,
1164 4216 1227 4273 et
1287 4231 1398 4275 cor
1464 4209 1637 4293 regis
1683 4210 1752 4272 in
1814 4232 2013 4273 manu
2058 4210 2189 4275 Dei
2234 4218 2352 4288 est,
2395 4216 2462 4273 et
2503 4208 2618 4273 ubi
2661 4204 2892 4271 volue-

520 4294 625 4375 rit,
668 4294 1016 4360 inclinabit
1036 4293 1219 4371 illud,
1263 4296 1333 4359 in
1359 4296 1547 4381 eujus
1585 4296 1848 4361 nomine
1885 4298 2107 4362 omnia
2144 4288 2319 4381 facta
2343 4302 2585 4376 nostra,
2629 4312 2893 4359 omnes·
