3150 5017
1515 337 1998 407 -116—

786 1665 846 1743 §-
886 1660 947 1725 8.
986 1658 1151 1723 Item
1198 1659 1594 1743 quicumque
1661 1654 1754 1719 la-

612 1747 951 1815 boraverit
994 1747 1064 1809 in
1111 1753 1351 1825 meatu,
1374 1744 1443 1807 in
1474 1764 1552 1807 eo
1577 1740 1752 1827 quod

613 1835 853 1903 dicitur
896 1831 1119 1915 stello,
1164 1840 1231 1897 et
1276 1829 1612 1895 metallum
1657 1830 1753 1893 in·

606 1921 903 1996 ‚veneritz
964 1916 1519 1984 mensurabuntur
1562 1916 1625 1981 ei
1671 1913 1755 1979 de

612 2011 759 2095 ipso
804 2007 948 2073 loco
994 2005 1105 2071 ubi
1170 2003 1505 2070 metallum
1567 2004 1751 2067 inve·

612 2098 731 2181 nit,
776 2094 911 2159 VH
966 2092 1139 2162 lanei
1210 2100 1277 2158 et
1320 2092 1427 2175 ius
1473 2088 1752 2155 alierum

614 2184 955 2251 montium.

788 2273 850 2351 ξ.
898 2269 957 2334 9.
1004 2264 1074 2331 Si
1122 2286 1276 2331 vero
1322 2286 1407 2329 ex
1430 2282 1753 2327 consensu

614 2366 681 2429 et
726 2355 808 2421 de
854 2356 1021 2419 scitu
1056 2352 1303 2439 judicis
1334 2360 1399 2417 et
1431 2349 1609 2417 illius
1643 2348 1755 2434 qui

617 2450 873 2508 montes
917 2441 1209 2527 porrigit,
1271 2437 1511 2524 aliquis
1571 2433 1754 2501 labo-

618 2551 764 2597 rare
809 2528 1169 2614 incoeperit
1196 2528 1267 2594 in
1312 2546 1389 2590 eo
1438 2522 1614 2610 quod
1662 2521 1756 2585 di-

620 2618 791 2682 citur
832 2613 1047 2691 stello,
1092 2622 1156 2679 et
1202 2610 1539 2677 metallum
1578 2610 1757 2673 inve-

620 2702 823 2769 nerit:
870 2700 955 2765 ab
1000 2699 1283 2764 illoloco
1307 2720 1499 2762 nemo
1542 2698 1760 2781 ipsum

620 2812 742 2878 per
796 2796 931 2853 tres
998 2786 1223 2851 laneos
1286 2794 1353 2850 et
1414 2782 1759 2852 dimidium

622 2884 776 2943 ante
822 2896 970 2940 eum
1016 2873 1124 2939 vel
1167 2882 1317 2959 post
1362 2892 1509 2936 eum
1554 2872 1758 2954 impe-

623 2964 764 3029 dire
810 2959 1021 3027 debet.

796 3048 915 3113 III.
938 3046 1105 3112 Item
1144 3046 1199 3111 si
1226 3066 1413 3111 mons
1438 3042 1547 3108 vel
1570 3040 1762 3115 stollo

626 3138 737 3225 qui
785 3134 1143 3201 mensurati
1177 3131 1425 3197 fuerint
1446 3138 1512 3194 et
1536 3139 1768 3216 postea

626 3224 887 3304 deserti,
949 3243 1070 3286 sex
1138 3219 1371 3285 diebus
1418 3217 1766 3281 dominicis

626 3308 1018 3400 proclamari
1078 3306 1308 3382 debet,
1368 3313 1443 3368 ut
1494 3303 1562 3367 hi
1609 3322 1766 3389 quo-

625 3421 768 3465 rum
816 3403 1068 3460 montes
1114 3402 1287 3475 sunt,
1331 3390 1668 3468 laborent3
1715 3389 1771 3451 si

626 3506 783 3553 vero
817 3489 1002 3548 sexto
1039 3480 1143 3545 die
1190 3478 1521 3544 dominico
1560 3485 1768 3541 trans-

628 3585 774 3640 acto
836 3591 972 3634 non
1047 3565 1529 3640 laboraverint,
1612 3573 1770 3627 tunc

627 3656 952 3727 arborarii
988 3655 1339 3739 assumptis
1360 3650 1600 3737 juratis
1624 3669 1770 3734 pro-

629 3748 946 3813 clamatos
981 3750 1235 3806 montes
1269 3736 1626 3804 ascendere
1662 3734 1770 3798 de-

625 3833 807 3915 bent,
854 3838 919 3897 et
963 3829 1017 3893 si
1063 3829 1241 3912 ipsos
1273 3826 1563 3891 desertos
1590 3823 1771 3885 inve-

631 3922 866 3997 nerint,
902 3914 1220 4003 praedicti
1247 3910 1569 3977 urborarii
1592 3929 1772 3971 mon-

630 4017 729 4073 tes
774 4003 923 4069 illos
968 4002 1173 4067 libere
1236 3999 1567 4087 porrigere
1627 4018 1774 4081 pos-

632 4101 786 4161 sunt
831 4092 935 4155 cui
980 4089 1236 4154 volunt.

1182 4300 1213 4319 Χ

1845 511 2042 577 factio
2085 530 2288 574 unum
2315 508 2670 572 fertonem:
2711 528 2792 571 ex
2819 515 2956 571 tunc

1847 618 2240 679 mensuram,
2265 598 2438 661 sicut
2461 595 2710 659 dictum
2733 604 2828 659 est
2861 615 2955 657 an-

1844 693 1928 764 te,
1956 682 2242 749 debitam
2267 681 2605 750 obtinebit.
2631 684 2691 763 5.
2711 680 2770 745 5.
2811 679 2954 745 Item

1847 770 2127 858 quilibet
2169 792 2355 837 mons
2381 774 2795 847 mensuratus
2815 766 2960 831 XVI

1849 878 2037 923 areas
2083 856 2166 922 de
2202 858 2356 942 jure
2401 854 2741 921 obtinebit.
2801 858 2853 935 ἓ.
2905 854 2957 917 6.

1847 945 2016 1009 Item
2063 943 2342 1031 quilibet
2383 964 2574 1007 mons
2619 944 2689 1006 in
2737 938 2859 1004 VII
2883 938 2957 1003 la·

1849 1033 1993 1097 neis
2039 1032 2124 1095 ad
2169 1031 2388 1096 minus
2436 1038 2576 1105 *tres
2616 1029 2850 1109 foveas,
2899 1028 2959 1091 in

1851 1117 2144 1205 quolibet
2204 1118 2394 1183 laneo
2454 1127 2588 1182 tres
2664 1116 2852 1195 acies,
2901 1114 2959 1176 in
3066 1146 3068 1149 >

1853 1204 2146 1293 qualibet
2189 1205 2613 1271 concessione
2635 1224 2832 1267 unam
2853 1201 2960 1264 aci-

1775 1358 1779 1371 „
1857 1314 1961 1357 em
2007 1313 2126 1379 pro
2163 1292 2316 1379 jure
2362 1313 2482 1356 suo
2525 1290 2816 1376 requirit,
2858 1308 2959 1351 nec

1853 1378 2129 1444 ulterius
2177 1377 2630 1467 compellatur.
2687 1380 2750 1459 ξ.
2797 1377 2852 1439 7.
2890 1374 2963 1438 Et

1854 1466 2016 1531 haec
2073 1466 2213 1530 ‘ura
2273 1474 2621 1532 serventur
2675 1466 2746 1528 in
2801 1463 2964 1527 novis

1855 1554 2060 1618 monti
2112 1574 2190 1616 us
2267 1563 2332 1619 et
2406 1550 2796 1617 stollonibus
2851 1570 2962 1613 non

1857 1638 2285 1705 hereditariis.
2335 1643 2393 1721 ξ.
2441 1640 2499 1705 8.
2532 1638 2700 1703 Item
2727 1638 2966 1725 quicun-

1819 1756 1824 1763 ·
1858 1748 1984 1813 que
2029 1726 2429 1792 laboraverit
2471 1727 2541 1790 in
2567 1725 2772 1791 latere
2795 1724 2964 1789 unius

1855 1812 2153 1879 stollonis
2199 1835 2330 1878 non
2355 1811 2755 1895 hereditarii,
2781 1818 2841 1877 et
2860 1833 2967 1875 me·
3066 1812 3068 1845 :

1855 1898 2086 1965 tallum
2131 1900 2486 1965 invenerit:
2538 1906 2968 1964 mensurentur
3066 1914 3068 1917 ’

1859 1989 1917 2053 ei
1965 1986 2046 2051 de
2070 1989 2212 2073 ipso
2237 1985 2382 2052 loco
2408 1986 2807 2051 inventionis
2851 2006 2964 2049 me-

1858 2073 2178 2140 talliVII.
2224 2074 2398 2139 lanei
2443 2071 2529 2137 ad
2564 2074 2679 2158 jus
2724 2072 2966 2138 aliorum
3066 2136 3068 2139 ,

1861 2161 2201 2226 montium.
2249 2164 2305 2243 ξ.
2332 2162 2395 2227 9.
2442 2160 2512 2226 Si
2558 2182 2717 2225 vero
2742 2182 2824 2225 ex
2845 2180 2966 2225 con·

1862 2270 2060 2313 sensu
2106 2257 2170 2314 et
2214 2248 2384 2313 scitu
2429 2248 2816 2335 porrectoris
2861 2267 2968 2309 me-

1863 2344 2089 2400 atuum
2135 2343 2200 2399 et
2248 2336 2564 2399 montium
2629 2334 2860 2421 aliquis
2899 2332 2968 2395 la-

1863 2422 2097 2487 borare
2148 2422 2512 2509 incoeperit
2592 2422 2663 2485 in
2711 2443 2785 2485 eo
2823 2417 2969 2507 quod

1866 2509 2105 2573 dicitur
2149 2508 2360 2590 stollo,
2409 2518 2475 2573 et
2518 2506 2851 2573 metallum
2892 2507 2966 2569 in-

1865 2598 2158 2662 venerit:
2200 2594 2284 2660 ab
2330 2594 2445 2659 illo
2492 2595 2636 2659 loco
2686 2593 2969 2676 nemoip·

1866 2705 2008 2747 sum
2054 2704 2171 2769 per
2213 2691 2346 2747 tres
2407 2682 2635 2748 laneos
2699 2690 2764 2747 et
2815 2679 2968 2743 dimi-

1866 2770 2045 2835 dium
2093 2777 2245 2835 ante
2313 2790 2461 2835 eum
2525 2779 2590 2835 et
2650 2776 2798 2854 post
2849 2786 2968 2831 eum

1865 2854 2181 2943 impedire
2228 2865 2459 2943 potest.

2040 3030 2168 3096 III.
2218 3030 2312 3093 De
2355 3028 2717 3094 stollonibas
2777 3024 2968 3092 dereli-

1869 3119 1998 3181 ctis.
2052 3196 2055 3199 Ι
2087 3118 2275 3198 Item,
2301 3140 2487 3181 mons
2520 3116 2628 3181 vel
2668 3114 2868 3194 stelle,
2887 3111 2972 3197 qui

1870 3205 2226 3269 mensurati
2298 3203 2545 3269 fuerint
2638 3210 2704 3267 et
2779 3210 2970 3289 postea

1871 3290 2112 3356 deserti
2157 3292 2281 3355 visi
2327 3291 2591 3366 fuerint,
2627 3312 2746 3355 sex
2777 3287 2972 3353 diebus

1873 3378 2240 3442 Dominicis
2293 3376 2686 3464 proclamari
2747 3375 2972 3450 debent,

1875 3473 1945 3528 ut
1990 3465 2074 3539 hi,
2173 3486 2402 3529 uorum
2449 3474 2705 3528 montes
2749 3461 2972 3536 fuerint,

1874 3549 2144 3617 laboren
2219 3552 2287 3615 in
2335 3554 2469 3630 eis3
2531 3554 2586 3615 si
2646 3572 2800 3615 vero
2853 3541 2971 3611 VII.

1877 3638 1981 3703 die
2079 3638 2406 3704 dominico
2481 3646 2810 3703 transacto
2870 3652 2972 3697 non

1877 3726 2128 3790 inventi
2175 3726 2418 3791 fuerint
2447 3724 2851 3789 laborantes:
2891 3739 2971 3785 ex-

1877 3821 2036 3878 tunc
2081 3813 2401 3878 urborarii
2447 3812 2798 3897 assumptis
2827 3809 2970 3896 jura-

1877 3902 1964 3964 tis
2010 3900 2448 3986 proclamatos
2493 3908 2751 3963 montes
2797 3913 2972 3959 ascen·

1883 3986 2062 4069 dant,
2107 3997 2172 4053 et
2219 3989 2272 4051 si
2318 3990 2495 4073 ipsos
2520 3985 2812 4051 desertos
2834 3984 2971 4045 inve-

1883 4076 2118 4155 nerint,
2166 4074 2491 4139 urborarii
2549 4079 2805 4135 montes
2862 4064 2972 4160 illos

1884 4161 2091 4227 libere
2163 4162 2490 4247 porrigere
2551 4166 2840 4245 possunt,
2897 4169 2973 4215 cul

1882 4248 2130 4325 volunt,
2192 4248 2440 4335 absque
2501 4246 2678 4310 omni
2747 4236 2974 4328 impedi-

1884 4344 2123 4400 mento.
