3150 5017
1263 325 1697 391 ...69-

277 494 342 560 ei
432 515 558 560 uae
599 496 670 560 in
715 495 937 561 multis
983 487 1507 564 scaturire'solet
1549 498 1851 583 negotiis,
1900 497 2166 565 obviare
2210 501 2509 586 cupimus
2560 503 2657 566 in-

275 601 398 667 pro
447 581 612 646 itati.
2472 625 2483 630 -

453 667 696 733 Notum
741 669 827 733 sit
871 690 1024 754 ergo
1070 669 1425 746 universis,
1494 669 1669 757 quod
1729 668 2005 736 illustris
2066 671 2457 743 Boemorum
2526 694 2665 751 rex,

277 753 656 820 avunculus
699 763 960 835 noster,
1008 754 1090 820 de
1135 777 1258 820 sua
1300 755 1508 842 regali
1551 757 1938 822 auctoritate
1984 765 2049 821 et
2091 761 2384 844 potentia
2474 760 2669 824 rinci·

275 839 456 926 pali,
504 839 768 926 quando
793 842 1222 928 provinciam
1269 842 1841 916 Brecizlauensem
1887 841 2077 908 nobis
2124 845 2420 910 contradi
2470 847 2519 910 it
2562 868 2667 912 re·-

273 927 566 1012 gendam
612 947 691 991 ac
733 927 1234 1014 possidendam,
1295 930 1380 994 ad
1431 929 1779 995 violentiae
1824 937 1891 994 et
1935 932 2172 996 erroris
2220 933 2665 998 omnimodam

273 1011 706 1078 abolitionem
732 1063 748 1094 ,
795 1014 1158 1100 praefatam
1207 1017 1617 1102 provinciam
1667 1023 2435 1105 nostro·nostrorumque
2481 1018 2664 1084 nobi-

269 1098 437 1163 lium
485 1108 722 1184 rogatu
767 1100 1130 1165 secundum
1166 1101 1324 1187 jura
1367 1103 1747 1188 provinciae
1808 1103 2179 1167 Brunensis
2242 1111 2381 1190 reg-i
2449 1113 2513 1170 et
2558 1127 2662 1170 or-

273 1185 498 1251 dinari
545 1187 889 1272 disposuit,
934 1209 1014 1252 ac
1057 1186 1140 1252 de
1185 1209 1304 1252 sua
1347 1187 1554 1272 regali
1600 1186 2012 1273 plenitudine
2070 1198 2293 1256 nostro
2338 1192 2665 1256 commisit

270 1270 567 1354 arbitrie,
613 1273 844 1339 eadem
880 1275 1036 1358 jura
1082 1272 1456 1339 distendere
1480 1282 1546 1338 et
1565 1274 1901 1359 ampliare,
1927 1276 2019 1339 ita
2041 1284 2281 1359 tamen,
2308 1287 2381 1343 ut
2416 1276 2658 1344 exinde

269 1379 596 1446 praesens
639 1367 821 1425 aetas
866 1359 1210 1445 proficeret
1255 1369 1320 1425 et
1364 1361 1604 1442 futura,
1666 1361 1721 1425 si
1766 1370 2031 1426 nostrae
2077 1361 2364 1448 placeret
2410 1364 2655 1430 discre-

269 1445 469 1511 cioni.
539 1445 944 1532 Legentibus
989 1469 1145 1532 ergo
1190 1457 1256 1511 et
1300 1445 1718 1512 audientibus
1764 1468 1887 1512 nec
1931 1468 2064 1512 non
2156 1449 2425 1514 raefatis
2470 1460 2653 1515 uten—

261 1531 448 1597 tibus
481 1531 900 1618 jusjurandis
945 1541 1017 1597 ut
1061 1541 1286 1598 nostra
1331 1533 1627 1620 deposcit
1650 1535 1987 1614 serenitas,
2026 1471 2449 1600 dubitationis
2478 1557 2653 1601 scru—

263 1618 504 1704 pulum
550 1627 617 1683 et
658 1617 964 1684 nubilum
1009 1620 1402 1705 suspicionis
1467 1641 1807 1686 removere
1866 1621 2240 1706 cupientes,
2301 1625 2449 1708 ipsa
2509 1623 2655 1689 iura

259 1713 334 1770 et
377 1706 905 1771 venerandorum
931 1706 1326 1772 Boemorum
1348 1727 1578 1792 regum
1606 1707 2138 1792 gubernatorum,
2169 1708 2319 1794 piae
2343 1707 2654 1779 videlicet

259 1793 584 1856 memorie
630 1791 816 1857 ducis
843 1791 1152 1858 ⁴Conradi
1195 1814 1320 1857 nec
1364 1813 1496 1858 non
1520 1793 1787 1858 inclitae
1826 1793 2297 1860 recordationis
2323 1794 2651 1882 quondam
2759 1803 2774 1817 “

257 1879 666 1944 Boemorum
711 1879 907 1963 regis,
951 1881 1062 1944 avi
1105 1880 1314 1944 nostri
1360 1877 1664 1944 Ottakari
1690 1929 1707 1959 ‚
1776 1887 1843 1944 et
1884 1878 2275 1945 nobilissimi
2336 1881 2649 1947 avunculi

257 1965 494 2041 nostri,
539 1965 934 2030 Boemorum
980 1965 1156 2050 regis
1202 1965 1600 2046 Wenceslai,
1647 1964 2061 2051 beneplacito
2108 1976 2173 2030 et
2233 1966 2438 2052 regali
2485 1989 2649 2032 sere-

256 2051 472 2116 nitate
535 2051 865 2117 Brunensi
932 2053 1312 2138 provinciae
1373 2051 1745 2117 contradita
1802 2060 1866 2116 et
1922 2053 2215 2138 ipsorum
2260 2055 2649 2118 auctoritate

256 2137 544 2204 firmiter
589 2136 916 2220 roborata,
966 2136 1048 2203 de
1092 2137 1294 2204 verbo
1339 2136 1426 2204 ad
1473 2137 1745 2204 verbum
1791 2140 2123 2224 praesenti
2194 2140 2475 2224 paginae
2536 2138 2649 2204 du-

253 2225 486 2289 ximus
528 2225 881 2290 inserenda
923 2223 1048 2290 hoc
1092 2223 1322 2290 modo:
1463 2285 1469 2290 .

439 2315 499 2392 ξ.
550 2311 606 2375 1.
654 2310 900 2377 Omnes
974 2309 1368 2377 hereditates
1443 2331 1607 2398 quas
1661 2311 1786 2376 viri
1846 2309 2101 2380 nobiles
2162 2319 2297 2377 tam
2360 2311 2645 2397 majores

257 2417 466 2484 quam
535 2399 822 2462 minores
879 2405 1172 2484 tempore
1233 2397 1418 2462 ducis
1477 2395 1765 2463 Conradi
1822 2397 1964 2462 sine
2024 2398 2289 2484 querela
2339 2398 2517 2483 juste
2586 2399 2652 2462 et

251 2483 540 2570 pacifice
615 2483 956 2570 hucusque
1033 2484 1496 2570 possederunt,
1558 2485 1626 2549 in
1691 2484 1868 2550 bona
1925 2483 2401 2571 tranquillitate
2468 2485 2649 2571 paci-s

251 2569 572 2635 ammodo
615 2570 1016 2657 possideant.

441 2661 500 2738 ξ.
545 2657 606 2722 2.
651 2656 818 2722 Item
863 2656 1086 2722 nullus
1131 2657 1526 2722 camerarius
1595 2657 1771 2722 citet·
1792 2655 2078 2743 aliquem
2125 2657 2252 2722 nisi
2299 2664 2478 2722 certo
2524 2656 2646 2722 sub

251 2743 644 2809 testimonio
688 2764 914 2810 eorum
1004 2764 1234 2808 uorum
1281 2746 1574 2822 interest,
1621 2752 1685 2808 et
1707 2745 2093 2808 nominatim
2120 2742 2397 2830 quilibet
2420 2763 2643 2812 eorum

254 2827 466 2894 debet
509 2830 748 2896 ducere
793 2837 970 2895 caste
1025 2830 1134 2894 ani
1180 2831 1506 2910 nuntium,
1551 2837 1617 2894 et
1660 2828 1860 2893 alium
1897 2829 2163 2915 judicis,
2188 2831 2458 2914 insuper
2482 2829 2646 2896 duos

250 2915 506 3003 probos
549 2917 726 2982 viros
773 2914 854 2982 de
896 2914 1526 2982 circumsedentibus
1569 2914 1783 2995 villis3
1831 2924 1895 2980 et
1940 2917 1997 2980 si
2034 2917 2440 2998 camerarius
2462 2913 2646 2979 vadit

251 3005 408 3088 ipse
451 3001 780 3068 secundus
818 3011 936 3068 aut
978 3003 1208 3068 tertius
1254 3004 1396 3068 sine
1439 3003 1686 3066 nuntiis
1732 3002 2316 3084 beneficiariorum,
2354 3001 2411 3066 si
2442 3001 2642 3066 inter-

252 3088 498 3173 ficitur,
541 3089 707 3154 nihil
753 3088 834 3154 de
879 3110 955 3155 eo
999 3089 1492 3175 respondeatur.

439 3180 499 3258 ξ.
545 3177 606 3241 3.
653 3174 724 3240 Si
769 3174 967 3241 fuerit
1010 3175 1116 3240 fur
1174 3175 1352 3262 apud
1411 3174 1697 3261 aliquem
1768 3172 2058 3240 nobilem
2118 3173 2227 3238 vel
2288 3173 2465 3260 apud
2522 3172 2643 3237 ali-

255 3281 478 3348 quem,
524 3263 712 3348 cujus
758 3270 856 3327 est
899 3260 1082 3343 villa,
1129 3269 1195 3326 et
1241 3261 1494 3327 dederit
1539 3282 1689 3325 eum
1736 3262 1991 3337 curiae,
2038 3261 2259 3326 omnia
2304 3261 2482 3327 bona
2527 3281 2645 3326 sua

255 3349 396 3414 sint
439 3356 504 3413 et
551 3347 788 3414 collum
835 3349 980 3434 ejus
1025 3349 1215 3413 detur
1255 3350 1325 3412 in
1371 3356 1759 3434 potestatem
1805 3348 2141 3434 principis.
2368 3403 2375 3411 .

437 3438 498 3517 §-
543 3436 606 3500 4.
651 3434 933 3521 Insuper
977 3436 1032 3500 si
1076 3433 1184 3499 fur
1227 3434 1484 3520 capitur
1525 3435 1596 3498 in
1640 3432 1861 3520 aliquo
1908 3431 2053 3499 loco
2090 3442 2157 3498 et
2199 3433 2640 3520 suspenditur,

255 3521 484 3588 omnia
525 3541 646 3586 sua
687 3521 1006 3606 principis
1051 3529 1206 3586 sunt
1246 3528 1508 3608 praeter
1549 3519 1806 3604 fruges,
1868 3542 2035 3608 quae
2089 3520 2307 3585 adhuc
2368 3522 2437 3586 in
2483 3527 2641 3605 agro

258 3616 741 3673 remanserunt.

432 3698 496 3776 ἓ.
541 3693 601 3758 5.
646 3692 816 3759 Item
861 3693 1038 3780 quod
1081 3693 1319 3758 dicitur
1361 3693 1666 3774 narok,
1728 3691 1854 3756 hoc
1898 3714 2033 3758 non
2079 3691 2277 3758 debet
2320 3713 2465 3758 esse
2510 3691 2640 3756 nisi

255 3780 371 3845 ubi
417 3788 671 3846 constet
713 3779 837 3845 sub
883 3788 1062 3845 certo
1105 3780 1496 3860 testimonio,
1543 3801 1667 3844 sua
1708 3778 1883 3843 bona
1926 3779 2243 3852 amisisse,
2289 3779 2419 3842 nisi
2464 3779 2639 3844 acci-

259 3866 426 3932 derit
471 3867 542 3930 in
585 3865 756 3932 silva
799 3865 907 3931 vel
952 3867 1018 3931 in
1065 3867 1286 3952 aliquo
1331 3865 1476 3930 loco
1537 3873 1787 3930 secreto
1845 3863 1953 3930 vel
1998 3865 2193 3930 alicui
2240 3863 2516 3948 hospiti,
2576 3875 2642 3930 et

257 3963 613 4039 antequam
659 3951 1042 4018 admittatur
1060 4000 1078 4034 ‚
1139 3951 1336 4017 debet
1394 3953 1715 4017 notificari
1764 3951 1982 4016 curiae
2028 3971 2305 4037 quorum
2348 3951 2640 4033 interest,

259 4037 508 4105 scilicet
541 4037 774 4124 judici,
821 4037 1176 4104 castellano
1221 4059 1370 4102 cum
1416 4039 1671 4104 ceteris.
2612 4095 2620 4101 .

429 4130 492 4208 ξ.
539 4126 599 4190 6.
647 4123 930 4206 Quando
973 4124 1214 4210 aliquis
1259 4145 1510 4211 pauper
1553 4125 1735 4188 venit
1782 4123 1863 4189 de
1909 4123 2174 4210 propria
2234 4145 2305 4188 re
2354 4145 2637 4211 conque-

259 4211 481 4295 rendo,
526 4208 800 4299 pallium
849 4210 975 4277 sibi
1019 4210 1396 4278 nullatenus
1441 4209 1827 4297 deponatur.
2610 4236 2614 4240 ·
