3150 5017
1183 324 1652 387 -189—

256 494 447 579 ipsius
502 500 727 558 contra
786 513 905 556 nos
967 514 1163 578 super
1217 494 1359 577 jam

258 581 413 643 dicto
458 590 670 643 castro
716 577 1203 643 Durrenholtze
1248 579 1360 643 ha·

254 665 451 729 buerit
498 664 783 751 aliquam
829 666 1178 746 actionem,
1235 687 1359 730 nos

258 751 333 815 ad
397 750 635 816 dictum
702 750 1159 817 olomucensis
1228 752 1363 837 epi-

256 839 422 923 scopi
472 844 538 901 et
577 836 959 923 purchravii
1000 836 1366 923 praedicto-

256 944 399 1003 rum,
446 923 554 1007 qui
600 922 723 987 sub
758 923 1121 1008 juramenti
1138 922 1359 988 debito

255 1012 679 1093 quaestionem
736 1007 1116 1093 hujusmodi
1194 1010 1363 1075 diffi-

256 1095 436 1174 nient,
480 1092 941 1159 exhibebimus
970 1095 1217 1159 eisdem
1253 1097 1363 1182 ju-

256 1180 453 1245 stitiae
496 1180 1071 1265 complementum.

402 1347 483 1417 V.
572 1352 925 1419 Praeterea
984 1351 1361 1438 hujusmodi

258 1438 694 1522 compositioni
762 1448 828 1502 et
882 1438 1032 1522 paci
1090 1460 1361 1523 genera-

262 1522 394 1589 liter
421 1522 819 1587 includimus
865 1524 1196 1610 quoslibet
1234 1547 1362 1589 ser·

261 1610 484 1674 vitores
542 1618 806 1673 nostros
874 1620 940 1675 et
1006 1610 1364 1696 adjutores,

257 1703 315 1758 et
350 1696 587 1776 nostris
632 1696 716 1760 de
773 1696 1065 1777 Austris.²
1121 1696 1361 1781 styria,

254 1780 602 1865 Karinthia‚
649 1780 962 1848 Oarniola
983 1791 1049 1846 et
1070 1782 1365 1847 Marchia

255 1866 650 1946 adjutoribus
756 1876 824 1932 et
912 1869 1361 1947 servitoribus,

255 1954 695 2039 compositioni
739 1957 1067 2039 praesenti
1111 1954 1363 2019 includi

256 2047 311 2103 et
348 2049 519 2105 stare
561 2038 967 2123 volentibus,
1023 2040 1360 2127 saepedic-

250 2133 343 2189 tus
384 2126 686 2191 dominus
730 2135 952 2191 noster
994 2149 1115 2191 rex
1180 2127 1363 2191 resti-

251 2219 374 2275 tuet
434 2214 679 2293 omnia,
738 2234 907 2298 quae
975 2223 1128 2277 ante
1173 2236 1362 2297 guer-

251 2319 375 2361 ram
418 2297 527 2363 vel
570 2306 723 2383 post
768 2299 848 2363 de
894 2319 1118 2364 eorum
1180 2300 1363 2363 here·

250 2382 565 2466 ditatibus‚
614 2383 849 2449 alodiis
895 2394 961 2449 et
1004 2384 1219 2449 feudis
1242 2407 1361 2449 no-

248 2470 395 2535 torie
480 2472 849 2555 occupavit.
915 2508 1003 2519 -—
1068 2471 1140 2537 Si
1206 2493 1363 2536 vero

246 2554 611 2641 hujusmodi
653 2558 974 2643 injuriosa
1019 2559 1362 2642 occupatio

251 2640 435 2708 dubia
502 2642 737 2721 fuerit,
812 2664 941 2729 per·
987 2643 1361 2729 praedictos

248 2726 738 2794 Olomucensem
830 2731 1208 2815 episcopum
1298 2739 1363 2794 et

246 2814 691 2898 purchravium
798 2816 922 2881 sub
1000 2816 1362 2900 juramenti

246 2900 482 2982 debito,
555 2900 897 2967 decidetur
983 2902 1361 2989 hujusmodi

246 2988 520 3070 quaestio
582 2990 837 3072 justitia
922 2987 1032 3054 vel
1116 3010 1359 3053 amore.

244 3108 321 3119 -—
385 3074 571 3159 Ipsos
648 3076 845 3139 etiam
934 3082 1193 3140 nostros
1281 3074 1363 3139 de

245 3160 581 3241 praedictis
627 3162 820 3226 terris
864 3161 1153 3242 Ausa-ia,
1215 3159 1360 3246 Sty-

243 3244 349 3327 ria‚
428 3246 805 3328 Karinthia‚
897 3247 1207 3312 Oarniola
1297 3255 1361 3311 et

242 3328 523 3396 Mai-chia
593 3335 944 3398 servitores
998 3343 1064 3399 et
1122 3332 1360 3419 quosli-

244 3413 343 3481 bet
418 3428 691 3484 nostros·
770 3419 937 3484 alios
1022 3420 1358 3506 adjutores

242 3501 372 3587 ipse
418 3504 724 3569 dominus
783 3528 906 3570 rex
965 3504 1159 3592 plene
1216 3526 1358 3590 gra·

242 3589 361 3653 tiae
404 3612 561 3657 suae
606 3592 909 3657 restituet
959 3601 1025 3657 et
1069 3592 1358 3657 donabit.

241 3710 315 3723 —
399 3676 537 3741 Nos
630 3680 823 3742 etiam
931 3679 1078 3747 vice
1167 3698 1361 3743 versa

244 3760 535 3827 omnibus
582 3761 999 3848 adjutoribus
1047 3771 1111 3829 et
1156 3764 1359 3829 servi·

243 3849 485 3915 toribus·
564 3849 815 3914 domini
900 3852 1108 3915 nostri
1184 3852 1359 3935 regis

246 3952 351 4016 per
418 3935 763 4001 Boemiam
852 3945 915 4001 et
988 3936 1358 4001 Moraviam

244 4016 461 4101 plenae
506 4032 772 4086 nostrae
817 4022 1069 4107 gratiae
1102 4025 1360 4088 restitu-

246 4101 342 4183 tis,
382 4112 601 4191 omnia
660 4126 827 4193 quae
871 4110 941 4183 in
987 4108 1357 4174 hereditati·

244 4185 377 4272 bus,
414 4192 629 4261 feudis
659 4203 740 4260 ,et
783 4194 1019 4259 alodiis
1056 4194 1215 4281 ipsis
1246 4217 1359 4260 no·

246 4276 397 4341 torie
439 4302 556 4365 per
602 4303 723 4346 nos
770 4282 877 4347 vel
912 4290 1169 4347 nostros
1213 4281 1359 4347 abs·

1463 494 1672 581 ipsius
1741 484 1967 559 contra
2029 496 2436 581 praedictum
2498 520 2598 564 re·

1464 601 1613 663 gem
1682 601 1880 666 super
1935 582 2078 667 jam
2147 582 2322 647 dicto
2381 594 2598 649 castro

1463 665 1866 729 Durrinholz
1911 666 2260 733 habuerint
2305 668 2600 755 aliquam

1465 752 1810 832 actionem,
1855 752 2030 817 idem
2055 776 2176 817 rex
2219 752 2304 819 ad
2353 754 2602 821 dictum

1466 837 1926 903 Olomucensis
1951 841 2240 925 episcopi
2264 850 2329 905 et
2349 916 2356 925 ι
2369 841 2603 925 purch·

1467 924 1634 987 ravii
1703 925 2222 1009 praedictorum,
2290 928 2404 1012 qui
2469 926 2596 991 sub

1458 1010 1820 1093 juramenti
1883 1009 2104 1075 debito
2152 1014 2602 1097 quaestionem

1468 1095 1846 1180 hujusmodi
1875 1096 2218 1174 diffinient,
2264 1097 2603 1163 exhibebit

1469 1179 1718 1246 eisdem
1786 1182 2085 1267 justitiae
2161 1184 2599 1270 complemen-

1467 1274 1627 1333 tum.

1641 1352 1722 1417 V.
1813 1354 2163 1420 Praeterea
2223 1354 2603 1441 hujusmodi

1469 1440 1923 1525 compositioni
1989 1448 2054 1505 et
2119 1443 2265 1527 paci
2333 1464 2601 1527 genera-

1467 1524 1618 1590 liter
1663 1523 2062 1591 includimus
2108 1525 2434 1612 quoslibet
2466 1550 2600 1593 ser·

1466 1612 1712 1676 vitores
1786 1620 2045 1677 nostros
2113 1622 2178 1677 et
2241 1613 2596 1699 adjutores,

1468 1704 1535 1761 et
1578 1698 1822 1762 nostris
1870 1697 1951 1761 de
1995 1699 2309 1764 Bohemia
2355 1709 2420 1765 et
2462 1700 2601 1765 Mo·

1467 1785 1654 1848 ravia
1712 1783 2126 1870 adjutoribus
2201 1794 2270 1851 et
2329 1788 2600 1851 servito-

1465 1870 1685 1950 ribus,
1749 1870 2213 1956 compositioni
2271 1874 2603 1956 praesenti

1467 1953 1720 2019 includi
1820 1962 1886 2019 et
1965 1964 2138 2021 stare
2226 1955 2604 2023 volentibus

1469 2041 1884 2125 saepedictus
1945 2063 2067 2106 rex
2133 2041 2446 2107 Boemiae
2505 2065 2602 2108 re·

1468 2128 1695 2192 stituet
1739 2128 1978 2207 omnia,
2025 2148 2194 2212 quae
2237 2137 2389 2192 ante
2413 2150 2600 2213 guer-

1466 2233 1606 2278 ram
1651 2212 1761 2277 vel
1806 2222 1954 2299 post
1999 2213 2080 2277 de
2127 2234 2354 2277 eorum
2401 2215 2592 2279 here-

1468 2298 1804 2381 ditatibus,
1850 2298 2086 2365 alodiis
2129 2308 2196 2364 et
2239 2298 2456 2365 feudis
2479 2322 2594 2367 no-

1466 2387 1631 2450 torie
1706 2387 2071 2471 occupavit.
2144 2421 2230 2435 --
2304 2385 2375 2451 Si
2447 2407 2606 2454 vero

1466 2470 1845 2557 hujusmodi
1888 2473 2214 2557 injuriosa
2257 2475 2602 2560 occupatio

1467 2557 1672 2621 dubia
1687 2558 1901 2640 fuerit,
1919 2578 2038 2646 per
2059 2558 2429 2645 praedictos
2447 2559 2602 2627 010-

1466 2666 1844 2709 mucensem
1915 2666 1951 2709 e
2002 2646 2298 2731 iscopum
2345 2654 2410 2711 et
2450 2667 2604 2733 pur-

1467 2729 1807 2795 chravium
1881 2753 1958 2796 su
2061 2731 2428 2817 juramenti
2495 2731 2603 2797 de-

1464 2814 1625 2897 bito,
1653 2816 1991 2883 decidetur
2004 2817 2382 2967 liu-{asmodi
2409 2838 2602 2901 quae-

1466 2904 1592 2966 stio
1663 2904 1926 2989 justitia
2012 2924 2092 2968 ve
2207 2924 2449 2969 amore.
2516 2938 2604 2953 --—

1463 2988 1652 3073 Ipsos
1711 2990 1908 3055 etiam
1975 2996 2234 3054 nostros
2295 2987 2377 3053 de
2435 2987 2601 3053 Boe·

1466 3076 1600 3139 mia
1659 3086 1722 3140 et
1783 3076 2083 3140 Moravia
2127 3076 2477 3141 servitores
2536 3082 2604 3140 et

1465 3160 1795 3246 quoslibet
1859 3162 2023 3226 alios
2095 3170 2352 3227 nostros
2405 3161 2599 3247 adju-

1462 3255 1638 3311 tores
1703 3246 1845 3332 ipse
1909 3269 2029 3311 rex
2091 3247 2404 3311 Boemiae
2469 3246 2603 3334 ple·

1463 3354 1547 3397 ne
1629 3334 1879 3417 gratiae
1948 3354 2108 3397 suae
2177 3335 2480 3399 restituet
2537 3342 2604 3399 et

1463 3418 1753 3484 donabit.
1841 3456 1930 3468 ---
1988 3419 2127 3484 Nos
2214 3421 2411 3485 etiam
2501 3419 2598 3484 vi-

1464 3526 1541 3571 ce
1587 3526 1783 3571 versa
1825 3505 2132 3570 omnibus
2191 3505 2604 3590 adjutoribus

1464 3601 1530 3657 et
1574 3592 2003 3657 servitoribus
2050 3591 2205 3657 dicti
2250 3592 2426 3679 regis
2471 3592 2600 3656 Bo-

1463 3679 1673 3743 emiae
1731 3699 1849 3763 per
1891 3678 2245 3760 Austriam,
2291 3678 2602 3763 Styx-iam,

1462 3762 1900 3845 Kariathiam,
1936 3764 2310 3830 Carniolam
2335 3773 2400 3831 et
2431 3762 2601 3827 Mar-

1464 3849 1706 3929 chiam,·
1759 3849 1998 3935 plenae
2045 3858 2306 3915 nostrae
2351 3851 2603 3935 gratiae

1463 3936 1803 4017 restitutis,
1833 3937 2086 4003 omnia
2130 3958 2298 4022 quae
2356 3938 2427 4001 in
2485 3936 2601 4001 he·

1464 4022 1874 4105 reditatibus,
1956 4022 2172 4086 feudis
2238 4031 2304 4087 et
2337 4090 2340 4093 .
2368 4022 2604 4088 alodiis
2649 4103 2654 4107 Ι

1465 4110 1652 4195 ipsis·
1694 4109 1948 4172 notorie
2015 4131 2131 4194 per
2175 4129 2294 4174 nos
2339 4108 2444 4175 vel
2489 4130 2604 4174 no-

1467 4204 1636 4259 stros
1680 4192 2092 4274 abstulimuS,
2160 4194 2352 4280 plene
2420 4196 2603 4261 resti-

1465 4290 1728 4346 tuemus
1797 4289 1862 4345 et
1937 4282 2192 4370 restitui
2267 4282 2600 4349 faciemus.
