3150 5017
401 269 676 324 man.
1363 286 1453 305 -
1538 250 1670 319 384
1753 287 1840 301 -

407 426 727 505 tribunal,
782 435 897 494 aut
941 426 1261 509 infirmus,
1311 433 1427 491 aut
1472 433 1726 512 captus,
1788 422 2018 489 aliisve
2065 423 2283 489 causis
2327 422 2637 509 legitimis
2690 422 2807 489 de-

408 524 632 582 tentus
702 535 1090 601 comparare
1157 535 1288 578 non
1363 514 1596 602 potuit.
1686 510 1774 576 Et
1840 510 2229 577 sententiam
2297 510 2497 576 latam
2573 516 2807 579 con'tra

414 600 756 668 absentem
811 623 895 668 ex
943 622 1146 666 causa
1188 601 1565 667 necessaria
1612 619 1846 664 nocere
1875 596 2049 684 juris
2094 598 2261 664 ratio
2304 619 2440 663 non
2464 598 2803 685 permittit,

409 686 526 756 sed
569 696 837 756 ostensa
880 686 1175 774 legitima
1235 685 1572 753 absentiae
1619 706 1842 767 causa,
1902 686 2044 750 sine
2089 682 2310 771 aliqua
2371 684 2801 751 diminutione

409 768 494 842 ad
561 784 764 841 totam
812 796 1077 841 causam
1122 773 1530 860 integraliter
1590 771 2018 857 reformetur3
2081 772 2236 860 quia
2298 770 2384 837 ab
2431 772 2609 839 omni
2651 769 2801 858 lege

424 884 668 950 urgens
713 863 1075 930 necessitas
1118 870 1413 929 excusat.

584 1126 645 1207 ἓ.
696 1122 798 1189 15.
874 1120 1042 1189 Item
1102 1142 1140 1187 e
1201 1141 1518 1188 converso
1583 1140 1756 1204 reus,
1816 1118 1872 1185 si
1917 1128 2102 1185 actor
2167 1128 2526 1186 contumax
2583 1118 2802 1203 fuerit,

416 1210 503 1277 ab
563 1210 887 1275 instantia
943 1208 1182 1293 Judicii
1248 1207 1652 1291 absolvatur,
1715 1216 1933 1273 actore
1993 1205 2119 1272 sibi
2164 1207 2233 1272 in
2293 1207 2597 1291 expensis
2639 1205 2802 1293 legi·

413 1297 589 1364 timis
651 1294 736 1364 ob
796 1296 979 1361 illam
1039 1294 1219 1361 litem
1266 1294 1458 1362 factis
1504 1293 1984 1361 sententialiter
2029 1292 2544 1381 condempnat03
2602 1294 2804 1359 etiam

422 1393 654 1472 postea
720 1382 805 1447 ad
861 1382 1187 1467 judicium
1272 1384 1547 1448 veniens
1616 1382 1753 1447 suis
1830 1378 2325 1447 defensionibus
2400 1380 2497 1445 uti
2563 1380 2809 1467 poterit

413 1472 584 1537 sicut
659 1490 844 1554 reus;
916 1492 1068 1535 nam
1137 1471 1251 1534 uni
1318 1467 1518 1534 licere
1585 1490 1719 1534 non
1787 1466 2018 1549 debet,
2129 1467 2261 1533 uod
2329 1466 2553 1533 licebit
2611 1465 2807 1533 alteri

415 1558 841 1643 litigatorum,
909 1564 974 1622 et
1043 1576 1193 1620 cum
1252 1553 1507 1643 judicia
1576 1577 1711 1620 non
1779 1552 2021 1620 debent
2081 1577 2117 1620 c
2144 1553 2475 1620 audicare.
2565 1557 2626 1636 ξ.
2701 1554 2802 1620 16.

420 1645 721 1725 Quatuor
766 1652 985 1708 autem
1048 1641 1260 1708 modis
1296 1644 1450 1728 jure
1511 1650 1970 1709 montanorum
2034 1643 2181 1729 quis
2228 1653 2584 1705 contumax
2619 1640 2804 1726 judi-

421 1738 639 1797 catur:
685 1730 946 1797 Primus
992 1736 1111 1812 est,
1158 1730 1214 1795 si
1258 1738 1443 1795 actor
1488 1736 1602 1794 aut
1636 1750 1789 1795 reus
1834 1750 1968 1793 non
2016 1735 2425 1815 compareat3
2473 1726 2806 1793 secundus

419 1838 583 1899 vero
630 1824 750 1900 est,
798 1818 855 1883 si
902 1822 1297 1902 compareat,
1344 1826 1411 1881 et
1422 1816 1640 1902 judici
1664 1837 1798 1881 non
1830 1814 2090 1897 obedit3
2135 1816 2368 1881 tertius
2391 1822 2509 1897 est,
2556 1816 2610 1879 si
2634 1834 2806 1878 com·

426 1911 634 1993 paret‚
699 1902 816 1971 sed
862 1924 903 1969 a
940 1903 1194 1990 judicio
1241 1901 1668 1969 illicentiatus
1725 1901 2009 1983 recedit3
2077 1909 2348 2006 quartus
2407 1910 2474 1967 et
2515 1899 2811 1983 ultimus,

424 2013 572 2057 cum
620 1998 899 2078 uterque
959 1998 1313 2076 comparet,
1374 1988 1491 2055 sed
1537 1998 1721 2054 actor
1763 1988 2043 2055 durante
2099 1989 2354 2073 judicio
2397 1986 2649 2053 nullam
2692 2008 2811 2055 reo

434 2076 666 2145 ob‘icit
686 2078 1157 2165 quaestionem,
1204 2086 1269 2142 et
1293 2077 1420 2141 hoc
1450 2098 1602 2144 reus
1627 2084 2026 2165 protestatus
2071 2075 2287 2158 fuerit,
2323 2074 2550 2159 judice
2583 2076 2729 2162 jam
2773 2095 2818 2140 a

422 2166 502 2253 ju
552 2165 679 2229 icio
727 2161 1143 2231 recendente.
1211 2162 1419 2229 Actor
1463 2185 1549 2229 ex
1594 2184 1672 2229 eo
1718 2172 2078 2229 contumax
2113 2162 2471 2249 judicatur,
2529 2182 2816 2249 reusque

425 2251 512 2318 ab
558 2252 875 2318 instantia
909 2249 1148 2335 judicii
1195 2249 1594 2326 absolvatur,
1641 2256 1861 2317 actore
1905 2249 2030 2316 sibi
2053 2250 2123 2315 in
2147 2249 2456 2336 expensis
2499 2249 2816 2335 legitimis

428 2337 936 2425 condempnato.
1007 2338 1087 2401 In
1136 2335 1441 2404 omnibus
1483 2336 1591 2402 his
1637 2335 1898 2402 casibus
1943 2358 2061 2423 pro
2109 2338 2410 2403 convicto
2455 2345 2817 2402 contumax

433 2426 787 2508 ‘udicatur,
834 2425 890 2491 si
932 2422 1117 2489 nulla
1153 2423 1533 2490 defensione
1556 2424 1852 2511 legitima
1875 2445 1944 2489 se
1969 2424 2208 2510 poterit
2230 2444 2568 2511 excusare.
2612 2426 2672 2506 §-
2706 2424 2809 2489 1⁷.

483 2520 715 2578 enetur
761 2519 979 2577 autem
1006 2519 1188 2577 actor
1242 2511 1428 2598 sequi
1451 2510 1842 2597 regulariter
1885 2510 2098 2576 forum
2123 2511 2238 2588 rei,
2281 2510 2437 2598 quia
2480 2511 2816 2578 sententia

425 2620 467 2664 a
509 2620 644 2663 non
681 2598 912 2684 judice
956 2598 1091 2663 lata
1113 2618 1247 2664 non
1268 2606 1467 2665 tenet.
1514 2600 1572 2685 ἓ.
1624 2598 1837 2665 18.Et
1881 2619 2101 2664 coram
2149 2617 2546 2684 quocunque
2582 2596 2814 2684 judice

427 2686 824 2771 competenti
837 2685 1170 2772 judicium
1198 2684 1393 2751 fuerit
1430 2685 1832 2763 inchoatum,
1876 2684 2123 2751 ibidem
2149 2684 2346 2750 etiam
2391 2685 2815 2769 terminetur3

434 2792 587 2837 nam
627 2771 797 2855 juris
843 2772 1003 2839 ordo
1065 2771 1507 2854 confunditur,
1574 2771 1632 2837 si
1675 2773 2033 2859 unicuique
2080 2791 2198 2838 sua
2231 2771 2609 2856 Jurisdictio
2676 2792 2814 2837 non

440 2866 761 2941 servatur,
808 2860 935 2925 nisi
981 2867 1139 2925 tunc
1164 2861 1379 2946 ipsum
1417 2859 1746 2946 judicium
1773 2882 1892 2947 per
1919 2857 2428 2948 appellationem
2455 2856 2820 2944 legitimam

436 2944 524 3011 ad
567 2946 969 3033 superiorem
1004 2944 1305 3033 judicem
1347 2954 1757 3034 prorogetur.

1470 3462 1573 3529 Ga
1581 3482 1649 3549 p.
1693 3462 1778 3530 V.

1138 3582 1240 3649 De
1264 3581 1519 3669 judicio
1566 3582 2105 3651 entraordinario.

610 3722 653 3788 J
656 3721 950 3789 udicium
1030 3730 1249 3789 autem
1325 3721 1923 3790 extraordinarium
1988 3731 2090 3791 est
2154 3724 2296 3791 sine
2362 3722 2565 3791 solem
2615 3724 2826 3791 nitate

441 3810 523 3877 de
570 3808 818 3876 vilibus
884 3810 1104 3877 causis
1162 3808 1272 3876 vel
1339 3807 1604 3876 casibus
1674 3830 2088 3896 cognoscere,
2163 3832 2332 3899 quae
2399 3812 2559 3878 cotti
2611 3812 2670 3879 ’e
2713 3832 2821 3879 oc·

442 3905 739 3979 currunt,
807 3897 977 3962 sicut
1045 3895 1379 3963 fabrorum
1400 3946 1417 3979 ,
1486 3904 1813 3963 sectorum
1881 3905 1945 3964 et
2008 3897 2287 3966 aliorum
2353 3892 2821 3981 laboratorum,

443 3984 983 4087 ⁰⁰¹²⁹³¹²⁰¹⁶nfi¹¹m
1033 3984 1115 4049 ‘³⁶
1131 3982 2039 4139 tgss⁶¹⁵³2rssi1²¹1522³t2302⁰su⁶3
2079 3984 2502 4139 “3331313‘35
2533 3985 2821 4138 ..ὶῗέζῗέἕ

445 4091 1197 4245 ξέἓῖῗῖιηξωνθεΙῗιὶῗΡᾱθ
1258 4094 1433 4245 agua
1477 4156 1888 4225 extrahenda
1941 4167 2008 4225 et
2053 4156 2136 4226 de
2182 4160 2374 4226 metis
2417 4156 2678 4225 assidue
2724 4156 2817 4223 di-

446 4243 878 4331 stinguendis,
937 4265 1021 4312 ne
1065 4265 1185 4331 pro
1232 4244 1547 4314 dilatione
1583 4243 1823 4334 judicii
1867 4244 2201 4313 montibus
2244 4244 2497 4336 aliquid
2539 4243 2815 4336 impedi·
