3150 5017
1461 266 1891 332 ..38-

485 457 682 522 quam
725 435 1020 503 decimus
1063 435 1372 504 denarius
1417 460 1568 504 cum
1598 437 1859 502 decima
1879 444 2244 504 aratrorum
2275 445 2651 504 nostrorum
2674 459 2863 524 spec·-

483 529 600 602 tat,
645 531 712 588 et
755 523 1044 589 omnium
1089 545 1308 592 rerum
1353 524 1438 590 ad
1484 523 1837 589 utilitatem
1880 533 2171 590 nostram
2216 526 2687 610 pertinentium
2710 545 2863 590 con-

485 607 774 684 tulimus,
817 609 1286 676 interdicentes
1329 618 1404 676 ut
1445 610 1669 676 nullus
1710 610 1877 676 haec
1922 611 2163 676 audeat
2204 612 2552 676 inmutare.

659 695 719 759 9.
763 695 1165 762 Libertatem
1208 698 1404 761 etiam
1433 697 1503 761 in
1525 698 1987 782 episcoporum
2010 697 2349 780 electione,
2374 717 2569 783 quam
2602 695 2863 782 quidem

487 782 820 883 principes
861 781 1161 868 inpedire
1207 782 1526 862 solebant,
1549 783 1887 851 canonicis
1922 783 1945 846 i
1996 784 2131 848 sius
2162 783 2480 849 eeclesiae
2504 781 2865 848 secundum

477 888 638 967 Jura
681 888 1007 933 canonum
1053 867 1258 935 libere
1301 878 1369 934 et
1411 867 1939 934 absoluteconce
1992 870 2005 884 '
2078 891 2155 934 us
2199 879 2265 935 et
2306 891 2391 934 ne
2434 871 2505 934 in
2530 877 2861 954 posterum

483 954 794 1036 irritetur,
840 953 1280 1040 prohibemus.

661 1038 752 1104 Ut
795 1050 1016 1106 autem
1056 1039 1220 1106 haec
1264 1042 1485 1106 omnia
1530 1048 1675 1106 rata
1705 1048 1771 1106 et
1800 1041 2193 1105 inconcussa
2225 1047 2673 1126 permaneant,
2694 1037 2865 1104 hanc

486 1132 752 1190 nostrae
773 1128 1142 1192 serenitatis
1165 1131 1474 1213 paginam
1494 1135 1721 1192 nostro
1752 1125 1971 1210 sigillo
1995 1125 2271 1192 fecimus
2290 1125 2582 1191 roborari
2606 1133 2671 1190 et
2690 1145 2731 1188 a
2754 1145 2863 1190 ve·
2974 1189 2991 1194 r

485 1209 766 1276 nei-abili
781 1221 966 1297 patre
990 1221 1215 1277 nostro
1230 1212 1522 1278 Ruberto
1535 1215 1607 1278 in
1630 1211 1737 1279 die
1766 1211 2058 1278 Paschae
2102 1211 2367 1298 publice
2412 1211 2859 1276 excommuni-

487 1297 644 1360 cari.
689 1297 762 1362 Si
805 1300 950 1384 quis
993 1307 1216 1364 autem
1259 1308 1490 1364 contra
1531 1298 1705 1363 hanc
1720 1306 2011 1363 nostram
2032 1299 2287 1364 venerit
2311 1297 2858 1377 constitutionem,

483 1403 704 1447 rerum
748 1406 1014 1450 suarum
1058 1385 1246 1471 gravi
1291 1383 1605 1450 multetur
1646 1383 2013 1469 dispendi0,
2060 1392 2126 1448 et
2168 1384 2385 1450 Deum
2432 1402 2579 1450 cum
2612 1382 2861 1448 sanctie

487 1469 623 1534 suis
669 1468 796 1534 sibi
840 1470 1187 1536 adversum
1231 1471 1302 1536 in
1347 1482 1645 1536 extremo
1690 1471 1929 1535 sentiat
1976 1468 2238 1536 'udicio.

657 1555 878 1641 Hujus
922 1558 1018 1620 rei
1061 1563 1215 1620 sunt
1255 1564 1488 1621 testes:
1547 1555 1887 1622 Walterus
1993 1577 2237 1622 ecanus
2287 1555 2746 1622 olomucensis
2790 1555 2861 1618 et
2961 1623 2972 1630 ,

486 1638 987 1706 archidiaconus
1045 1642 1507 1723 Znoemensis,
1563 1640 1966 1706 Radosslaus
2028 1641 2535 1707 archidiaconus
2592 1639 2865 1706 Olomu·

487 1727 737 1806 censis,
782 1727 1012 1807 Bozko
1057 1727 1560 1792 archidiaconus
1606 1728 2077 1804 Prerowensis,
2120 1727 2302 1794 Esau
2362 1727 2865 1792 archidiaconus

487 1811 1048 1895 Brecizlauensis,
1095 1813 1469 1878 Hermanus
1529 1811 1741 1878 abbas
1800 1813 2261 1880 Gradiscensis
2278 1861 2297 1894 ,
2356 1813 2609 1878 Arnust
2652 1833 2865 1888 came,-

483 1901 716 1980 rarius,
762 1897 1142 1964 Willalmus
1164 1899 1462 1982 Usszieh,
1507 1899 1787 1982 Zlauko,
1832 1898 2239 1986 Bogusslaus
2277 1899 2583 1980 odoleni,
2604 1899 2867 1983 Boguta

489 1993 555 2049 et
598 1983 929 2049 Henrieus
972 1985 1178 2051 frater
1222 1987 1364 2051 eius
1398 1985 1613 2072 judex
1658 1985 2151 2066 olomucensis,
2196 1983 2419 2050 Medlo
2464 1983 2865 2050 castellanus

485 2069 962 2153 Olomucensis,
1009 2073 1416 2152 Sudomirus,
1461 2073 1695 2138 Petrus
1742 2093 1904 2151 ross,
1936 2071 2229 2136 Predbor
2250 2070 2496 2155 hebky,
2532 2068 2865 2138 Sdisslaus

485 2155 867 2224 Grutowieh
884 2206 903 2240 ,
965 2157 1278 2244 Sudiwoy
1295 2206 1314 2239 ,
1375 2158 1679 2224 Donatus
1695 2204 1713 2238 ,
1775 2157 2104 2224 Sulizlaus
2162 2177 2312 2222 cum
2372 2157 2509 2222 filio
2554 2154 2869 2238 Slawata,

483 2241 528 2310 J
531 2242 822 2310 ohannes
867 2265 1015 2309 cum
1061 2245 1262 2310 fratre
1306 2243 1513 2325 Hren,
1561 2241 1841 2325 Odolen,
1888 2243 2220 2325 Rohhehe,
2264 2239 2684 2318 Badosslaus,
2724 2242 2863 2307 Pri-

379 2412 382 2416 ,
486 2327 726 2395 bizlaw
769 2329 1140 2394 swarouich
1178 2351 1326 2394 cum
1352 2329 1552 2394 fratre
1576 2327 1858 2405 Sdislao,
1904 2329 2265 2396 Semizlaus
2312 2350 2459 2394 eum
2482 2328 2656 2410 filiis,
2688 2327 2871 2393 Koh-

480 2411 714 2497 hanus,
759 2413 1169 2498 Budisslaus,
1235 2416 1531 2480 Pomnen
1576 2413 2069 2500 Jarognewich,
2141 2414 2381 2496 Bludo,
2426 2415 2667 2482 Doben
2708 2435 2861 2480 cum

490 2499 692 2566 tratre
733 2500 1111 2584 Nedamim,
1157 2500 1470 2584 Jacobus,
1514 2500 1751 2583 Lutek,
1800 2499 2426 2583 ZbrazlaW‚Weliz,
2453 2499 2682 2577 Velen,
2705 2500 2866 2576 Buz,

480 2584 710 2667 Bieen,
754 2587 1072 2668 Rathmir,
1113 2587 1406 2653 Predbor
1441 2586 1870 2669 cenakovich,
1910 2585 2277 2672 VoysslaW‚
2304 2587 2595 2668 Sezema,
2625 2586 2865 2667 Luder,

483 2671 766 2758 Neplah,
809 2671 1118 2759 Skyrben
1137 2721 1155 2756 ,
1200 2673 1463 2757 Sudek,
1507 2671 1857 2759 Sobehyrd
1900 2673 1984 2742 de
2031 2672 2328 2738 Olobuch
2346 2720 2363 2752 ,
2415 2671 2669 2758 Voyteh
2712 2693 2865 2738 cum

483 2757 684 2824 fratre
726 2758 1131 2842 Domamir0,
1178 2758 1342 2826 smil
1359 2807 1378 2841 ,
1440 2781 1589 2824 cum
1652 2759 1854 2824 fratre
1912 2759 2203 2842 Andrea,
2251 2756 2455 2840 Gron,
2502 2756 2865 2843 Ondrejek‚

482 2843 738 2911 Boruth
782 2845 957 2911 filius
1001 2845 1200 2928 Wok,
1245 2845 1493 2911 Prebor
1534 2845 1711 2911 filius
1754 2847 1951 2927 Eun„
1974 2844 2287 2911 Stanimir
2329 2845 2505 2909 filius
2547 2844 2871 2912 Wla‘ssin.

485 2930 804 2996 Oanonici
863 2931 1366 2999 olomucenses:
1411 2931 1725 3012 wratek,
1773 2932 2056 2998 Vtessen
2071 2979 2089 3014 ,
2136 2930 2489 3016 Zbignew,
2534 2930 2862 3013 Andreas,

485 3015 868 3103 Chuzeray,
912 3017 1317 3104 Bogusslaus
1334 3066 1353 3100 ,
1397 3017 1654 3100 Petrus,
1699 3017 1991 3084 Jacobus
2011 3065 2026 3094 ,
2070 3017 2419 3098 ziffridus,
2464 3015 2863 3103 Stephanus-

656 3103 826 3169 Acta
874 3113 1030 3170 sunt
1071 3104 1235 3169 haec
1277 3106 1350 3170 in
1395 3103 1696 3170 Olomuc.
1741 3104 1939 3170 Anno
1984 3104 2071 3169 ab
2114 3104 2569 3179 incarnatione
2610 3103 2863 3168 domini

483 3187 836 3256 Millesimo
883 3189 1016 3258 CC.
1059 3190 1211 3260 VII.
1259 3192 1431 3274 (sic.)
1461 3191 1711 3256 Datum
1736 3211 1859 3278 per
1902 3211 2135 3258 manus
2164 3189 2577 3278 Rappotonis
2596 3187 2859 3258 notarii.

1633 3481 1738 3548 24.

511 3617 945 3737 friderici
993 3617 1090 3702 11.
1161 3617 1339 3726 imp.
1410 3589 1929 3802 privfleffiiun
1998 3596 2237 3724 super
2306 3617 2827 3702 ubertatibus.

1312 3723 1551 3827 regni
1606 3722 1717 3804 Bo
1778 3743 2038 3805 ennae.

1404 3861 1595 3926 1212.
1640 3861 1725 3926 26
1770 3859 1950 3948 Sept.

694 4013 842 4066 Inter
877 4029 969 4067 eos
1005 4016 1096 4080 qui
1131 4029 1182 4067 a.
1225 4017 1358 4066 1211
1396 4017 1554 4081 primi
1592 4015 1953 4086 elaborarunt,
2000 4019 2062 4068 ut
2106 4015 2409 4068 Fridericus
2455 4013 2531 4066 11.
2581 4015 2876 4081 imperator

487 4088 772 4151 crearetur,
805 4084 1142 4150 Premyslaus
1176 4085 1220 4137 1.
1256 4100 1349 4137 rex
1383 4083 1675 4138 Boheiniao
1718 4087 1778 4137 in
1821 4088 2049 4139 tantum'
2076 4086 2285 4152 enituit,
2318 4089 2382 4136 ut
2415 4084 2713 4136 Eridu-icus
2746 4097 2874 4135 eum

483 4153 737 4220 praemiis
806 4153 1152 4219 amplissimis
1203 4153 1457 4208 afficeret.
1527 4155 1668 4207 Ante
1723 4159 1899 4207 cetera
1958 4157 2141 4212 omnia
2190 4155 2403 4219 publice
2461 4154 2645 4206 literas
2702 4151 2871 4216 dedit,

487 4221 680 4289 quibus
724 4224 780 4274 et
821 4221 1152 4276 confirmavit
1196 4223 1436 4291 Philippi
1483 4225 1631 4290 regis
1688 4225 2028 4291 privileg-ium
2086 4238 2140 4290 a¹¹
2187 4224 2323 4288 1198.
2386 4223 2639 4282 Boemiae
2686 4221 2871 4274 datum
