3150 5017
1216 325 1300 340 ..-
1395 290 1518 356 129
1605 327 1691 340 -

255 460 540 527 mittitur
585 467 652 527 et
693 460 942 546 gradus
985 459 1402 529 altitudinem
1449 463 1639 548 sequi
1684 482 1879 526 casus
1922 462 2218 547 gravitas
2260 464 2487 534 soleat.
2532 466 2641 534 In·

253 557 352 612 ter
395 547 784 633 hujusmodi
833 567 994 612 sane
1035 556 1404 612 nostrarum
1449 547 2055 614 considerationum
2122 571 2337 634 curas,
2400 552 2641 639 quibus

253 635 574 700 altissimo
623 634 1187 715 creatori-nostro,
1233 632 1318 698 de
1339 634 1532 719 cujus
1578 635 2027 700 misericordia
2052 637 2253 702 vitam
2299 647 2366 703 et
2408 661 2638 704 omnes

253 720 610 805 dignitates
669 730 928 784 nostras
969 741 1085 786 seu
1141 721 1440 800 honores,
1487 719 1729 805 quibus
1774 720 2220 807 temporaliter
2280 723 2637 809 fungimur,

251 806 668 892 possidemus
713 815 778 870 et
821 814 1092 872 aeterna
1133 828 1474 890 speramus
1528 806 1807 890 placere,
1868 815 2187 892 quantum
2238 806 2442 895 ipsius
2488 833 2636 897 per·

253 893 448 956 mittit
468 894 706 977 gratia,
753 893 1078 958 laetantes
1119 893 1569 977 proponimus,
1618 913 1929 977 suprema
1972 903 2191 960 mente
2236 895 2637 965 revolvimus

254 989 314 1042 et
384 979 742 1044 devotione
817 977 1039 1042 debita
1123 979 1539 1062 cogitamus:
1623 978 1907 1064 qualiter
1970 981 2271 1064 inprimis
2356 990 2635 1048 matrem

252 1065 420 1146 fidei,
467 1065 855 1149 magistram
919 1063 1183 1134 divinae
1241 1063 1425 1148 legis,
1489 1073 1971 1130 sacrosanctam
2018 1065 2385 1132 Romanam
2430 1067 2637 1132 eccle-

253 1153 428 1232 siam,
505 1173 710 1236 quam
777 1149 962 1216 cultu
1005 1172 1193 1216 sacro
1237 1149 1434 1214 corde
1478 1152 1727 1234 pariter
1770 1161 1837 1216 et
1882 1171 2153 1237 corpore
2218 1174 2634 1236 veneramur,

252 1237 492 1300 honore
535 1235 762 1300 debito
801 1246 866 1300 et
889 1236 1106 1320 dignis
1152 1238 1220 1299 in
1268 1236 1558 1300 dominio
1610 1237 1900 1302 servitiis
1937 1236 2347 1321 honoremus,
2395 1237 2633 1304 deinde

253 1331 494 1388 ceteras
553 1325 626 1386 in
675 1333 896 1386 nostro
957 1324 1308 1407 praecipue
1375 1320 1669 1386 dominio
1736 1323 2121 1388 constitutas
2165 1326 2472 1408 congruis
2538 1325 2631 1390 fa-

253 1409 514 1472 voribus
559 1419 878 1494 tanquam
925 1410 1151 1495 prince
1203 1431 1233 1470 s
1279 1407 1643 1472 catholicus
1688 1408 2082 1474 attollamus.

413 1494 600 1560 Sane
653 1497 738 1558 ad
784 1493 1098 1558 honorem
1213 1495 1272 1558 ei
1317 1496 1815 1579 omnipotentis,
1876 1495 2067 1581 cujus
2128 1497 2363 1576 spiritu
2422 1504 2629 1562 totum

253 1601 480 1666 corpus
529 1581 850 1645 ecclesiae
893 1582 1164 1665 regitur,
1211 1589 1276 1644 et
1318 1579 1659 1643 beatorum
1709 1590 2069 1664 martyrum
2136 1583 2294 1663 Viti,
2349 1581 2628 1647 Wence-

253 1665 384 1742 slai,
429 1665 802 1746 Adalberti,
846 1667 1204 1752 inquorum
1254 1667 1500 1730 honore
1523 1677 1754 1730 sancta
1780 1668 2129 1750 Pragensis
2171 1667 2449 1733 ecclesia
2495 1670 2627 1754 epi-

255 1752 489 1838 scopali
537 1753 855 1816 cathedra
899 1755 1204 1818 decorata
1263 1751 1538 1816 fundata
1594 1751 1975 1834 dinoscitur,
2036 1752 2118 1818 de
2180 1753 2367 1838 cujus
2429 1755 2626 1818 etiam

254 1857 514 1923 corpore
559 1841 931 1922 suscepturi
978 1860 1203 1902 sumus
1249 1837 1392 1904 Deo
1439 1840 1721 1924 propitio
1768 1840 1975 1903 nostri
2022 1840 2255 1925 capitis
2302 1838 2625 1922 diadema,

253 1936 312 1986 et
352 1923 611 2008 plenam
649 1927 868 2009 regiae
913 1925 1253 2010 dignitatis
1299 1925 1605 2008 adepturi
1647 1932 2070 2010 potestatem;
2118 1946 2243 1988 nec
2264 1948 2397 1991 non
2418 1925 2623 1990 hono-

253 2009 512 2075 rabilem
559 2011 1178 2095 Wissegradensem
1241 2008 1606 2085 ecclesiam,
1667 2009 1987 2095 capellam
2060 2019 2349 2074 nostram
2410 2033 2440 2074 s
2492 2012 2622 2074 eci-

255 2092 430 2176 alem,
473 2097 664 2162 nullo
723 2097 940 2162 medio
984 2098 1054 2162 in
1099 2095 1555 2184 spiritualibus
1602 2096 1919 2160 ecclesiae
1961 2096 2298 2162 Romanae
2360 2119 2438 2162 su
2478 2097 2618 2182 jec-

251 2188 392 2263 tam,
435 2183 521 2246 ad
566 2183 881 2247 honorem
939 2183 1118 2248 beati
1175 2181 1351 2246 Petri
1411 2181 1856 2266 apostolorum
1901 2182 2217 2267 principis
2277 2203 2319 2246 a
2376 2181 2623 2248 nostris

252 2268 352 2350 pia
409 2267 762 2334 devotione
820 2267 1346 2356 progenitoribus
1402 2269 1770 2334 institutam
1815 2275 1881 2332 et
1924 2266 2257 2332 nobilibus
2300 2269 2621 2332 munitam

251 2354 642 2440 privilegiis3
733 2356 1080 2422 ecclesiam
1167 2354 1364 2418 etiam
1435 2355 1914 2426 sacratissimae
2001 2354 2280 2438 virginis
2368 2354 2621 2420 Mariae

247 2441 457 2504 matris
522 2441 801 2507 Domini
863 2446 1070 2508 nostri
1134 2439 1296 2506 Jesu
1357 2439 1645 2523 Christi,
1726 2461 1845 2525 per
1903 2461 2106 2589 guam
2176 2448 2324 2526 post
2394 2439 2617 2506 Deum

247 2531 408 2590 totus
449 2528 618 2594 vivit
662 2527 840 2594 orbis
882 2536 1225 2608 terrarum,
1269 2526 1340 2590 in
1384 2535 1607 2591 monte
1662 2525 1845 2611 Syon
1954 2525 2186 2592 deliter
2245 2528 2616 2592 institutam

247 2617 307 2673 et
343 2613 702 2679 venerabili
747 2613 1378 2679 Prasmonstratensi
1423 2611 1637 2677 ordini
1660 2611 2076 2698 deputatam3
2121 2613 2303 2698 pium
2334 2615 2615 2698 insuper

247 2694 755 2765 Brzewnovense
799 2701 1269 2766 monasterium
1313 2699 1562 2764 ordinis
1606 2696 1835 2762 Sancti
1876 2696 2219 2764 Benedicti
2271 2700 2342 2762 in
2378 2699 2616 2763 vicinis

247 2786 474 2870 campis
518 2787 800 2852 feliciter
844 2793 1286 2851 constructum
1333 2793 1402 2850 et
1445 2785 1761 2865 dotatum,
1805 2805 1884 2848 ac
1930 2805 2155 2848 omnes
2202 2783 2367 2848 alias
2400 2783 2613 2849 eccle-

249 2868 366 2932 sias
404 2874 590 2956 regni
633 2872 1004 2954 Bohemiae,
1049 2880 1186 2936 tam
1231 2870 1558 2936 seculares
1584 2891 1781 2956 quam
1805 2868 2167 2954 religiosas,
2192 2890 2609 2955 quocumque

249 2957 490 3024 nomine
535 2967 949 3040 censeantur,
1013 2967 1330 3044 perpetua
1374 2967 1439 3022 et
1482 2954 1917 3040 irrefragabili
1964 2957 2253 3039 gaudere
2299 2954 2608 3021 volumus

247 3036 540 3120 libertate,
585 3047 684 3110 ita
727 3043 1052 3125 videlicet,
1095 3052 1171 3108 ut
1215 3045 1300 3108 ab
1345 3044 1651 3107 omnibus
1713 3040 1994 3106 sordidis
2040 3038 2428 3105 muneribus
2482 3042 2613 3106 sint

247 3141 588 3216 exemptae,
633 3129 717 3196 ab
763 3131 1048 3216 angariis
1093 3139 1158 3194 et
1197 3131 1609 3218 parangariis
1652 3127 1975 3192 universis
2019 3129 2361 3202 immunes,
2387 3126 2471 3190 ab
2499 3149 2613 3192 ex-

247 3213 556 3282 actionum
600 3215 1064 3282 vexationibus
1111 3214 1414 3291 alienae„

399 3299 704 3368 Ceterum
749 3312 824 3366 ut
864 3302 998 3382 illa,
1027 3302 1114 3366 ad
1157 3322 1328 3385 quae
1373 3309 1525 3365 sunt
1569 3299 1885 3364 divinitus
1930 3298 2287 3379 institutae,
2321 3298 2610 3384 quietius

245 3400 532 3468 peragere
564 3387 830 3454 valeant
873 3396 937 3453 et
979 3387 1180 3452 telam
1229 3388 1472 3473 prolixi
1518 3395 1822 3450 narratus
1866 3394 2047 3448 texat
2092 3405 2307 3450 sermo
2341 3386 2605 3449 brevis:

246 3466 329 3530 sic
369 3483 629 3539 cunctas
674 3474 943 3539 Domini
988 3476 1195 3539 nostri
1241 3473 1554 3538 ecclesias
1617 3472 1701 3535 ab
1758 3469 2059 3535 omnibus
2107 3492 2250 3534 esse
2296 3471 2603 3535 volumus

245 3560 678 3626 vexationibus
722 3557 1067 3640 immunes,
1113 3571 1189 3625 ut
1231 3562 1521 3648 ipsarum
1567 3557 1992 3636 orationibus,
2039 3578 2209 3642 quae
2251 3577 2368 3642 pro
2406 3553 2603 3620 nobis

240 3636 460 3723 jugiter
500 3646 926 3734 interpellant
968 3646 1146 3732 apud
1189 3647 1428 3728 Deum,
1475 3654 1542 3710 et
1585 3645 1813 3708 mundi
1858 3665 2085 3706 cursus
2148 3641 2415 3727 pacifice
2484 3662 2599 3706 no-

249 3727 380 3791 stris
435 3733 686 3796 actibus
747 3733 1068 3818 dirigatur
1112 3743 1177 3797 et
1221 3753 1444 3797 earum
1511 3731 1761 3795 meritis
1822 3729 1891 3793 in
1950 3729 2200 3795 aeterni
2260 3729 2434 3811 regis
2481 3749 2595 3813 pa·

249 3804 382 3876 latio
425 3815 787 3884 desiderata
832 3817 1023 3884 nobis
1068 3819 1321 3882 mansio
1369 3825 1814 3903 praeparetur.

397 3899 632 3975 Omnia
674 3907 870 3970 etiam
929 3906 1024 3969 eis
1084 3904 1428 3990 privilegia
1485 3926 1528 3968 a
1586 3901 1829 3967 nostris
1897 3897 2422 3964 antecessoribus
2493 3901 2605 3986 pia

253 3984 736 4056 consideratione
778 4012 1112 4066 concessa,
1181 3992 1324 4056 sive
1389 3992 1520 4054 sint
1579 3987 1785 4054 realia
1844 3986 1985 4050 sive
2051 3985 2447 4069 personalia,
2518 3987 2604 4050 ad

251 4083 341 4128 res
379 4091 484 4138 seu
516 4077 672 4160 jura
717 4078 1132 4164 pertinentia,
1197 4075 1554 4141 dummodo
1600 4078 1969 4158 appareant
2015 4071 2083 4134 in
2131 4073 2607 4157 primafigura

256 4157 326 4248 et·
348 4155 716 4226 authenticis
763 4162 996 4248 sigillis
1043 4163 1348 4248 sigillata,
1395 4184 1528 4226 non
1573 4163 1823 4240 vitiata,
1872 4177 2004 4220 non
2052 4157 2441 4240 cancellata,
2468 4179 2599 4222 non

255 4231 444 4324 aliqua
481 4251 579 4313 sui
623 4259 806 4335 parte
853 4249 1117 4333 abolita,
1164 4259 1309 4315 rata
1354 4249 1673 4316 habemus
1718 4253 1783 4312 et
1840 4242 2029 4309 firma
2076 4252 2266 4400 et9ea
2312 4243 2599 4310 authori-

340 4339 582 4394 Μηδεὶς
607 4353 769 4394 codex.
795 4354 828 4394 Ι.
