3150 5017
536 286 811 335 m.1·v.
1497 262 1968 327 —420—

531 440 823 525 judicem
886 460 1030 504 esse
1090 437 1479 520 cogendum,
1542 447 1655 500 aut
1714 435 1988 517 solvere,
2033 446 2148 501 aut
2189 438 2418 523 jurare
2437 485 2452 515 ,
2514 436 2911 521 alterumque

542 528 635 590 ita
680 525 913 610 eligat:
962 534 1077 589 aut
1122 524 1355 605 solvat,
1402 532 1515 587 aut
1550 523 1750 607 juret.

713 614 767 697 ξ.
812 612 873 676 5.
955 611 1179 676 ‘Datur
1222 631 1378 676 vero
1422 618 1489 674 et
1532 607 1666 673 alia
1707 607 1988 673 facultas
2033 609 2284 673 eidem:
2331 612 2388 674 si
2433 610 2638 690 malit,
2683 608 2916 674 referat

535 698 1042 784 jusjurandum3
1090 696 1383 783 alioquin
1446 693 1834 760 manifestae
1879 695 2307 781 turpitudinis
2367 704 2434 760 et
2494 696 2918 761 confessionis

542 794 659 865 est,
705 783 882 934 ndolle
928 784 1202 860 solvere,
1250 792 1365 847 aut
1398 784 1650 868 jurare,
1699 781 1805 845 vel
1851 780 2116 862 referre,
2165 784 2280 868 qui
2297 781 2450 847 usibi
2497 781 2736 848 detulit
2771 784 2914 867 jus-

578 892 740 935 uran
792 892 920 935 um.
1603 916 1608 919 -

543 894 567 955 ]
713 959 771 1042 ὅ.
818 958 876 1022 6.
965 956 1053 1021 Et
1099 957 1153 1019 si
1198 958 1275 1035 is,
1340 957 1445 1019 cui
1509 953 1807 1035 refertur,
1877 953 2044 1019 nolit
2102 956 2351 1040 jurare,
2394 954 2605 1039 judex
2648 956 2708 1020 ei
2747 954 2917 1039 judi-

544 1044 718 1107 cium
770 1042 989 1108 facere
1031 1042 1402 1123 recusabit;
1448 1042 1845 1127 aequissime
1875 1042 2049 1105 enim
2076 1041 2200 1105 hoc
2243 1040 2419 1123 facit,
2465 1063 2614 1105 cum
2658 1061 2794 1106 non
2821 1042 2924 1107 de·

542 1128 697 1194 beat
738 1130 818 1209 ei,
864 1130 977 1216 qui
1012 1128 1487 1214 jusjurandum
1535 1126 1789 1208 detulit,
1835 1128 2112 1193 relatum
2165 1128 2534 1213 displicere.
2839 1133 2854 1139 ’

720 1306 779 1383 ὅ.
828 1302 885 1365 7.
974 1300 1173 1365 Unde
1220 1300 1373 1365 dum
1422 1321 1527 1364 res
1587 1302 1656 1363 in
1719 1300 2190 1383 jusjurandum
2251 1299 2522 1364 dimissa
2570 1301 2673 1380 sit,
2714 1299 2926 1384 judex

540 1389 875 1472 jurantem
922 1387 1240 1463 absolvet,
1284 1386 1676 1451 referentem
1723 1386 1967 1467 audiat,
2030 1396 2096 1451 et
2155 1389 2210 1451 si
2273 1396 2456 1452 actor
2509 1390 2712 1470 juret,
2777 1406 2926 1449 con-

544 1474 856 1559 dempnet
899 1494 1082 1537 reum
1118 1473 1447 1545 nolentem
1502 1474 1765 1558 jurar03
1813 1494 2019 1552 reum,
2067 1474 2122 1537 si
2163 1471 2380 1556 solvit,
2425 1471 2750 1549 absolvat,
2798 1493 2926 1535 non

552 1560 920 1625 solventem
968 1560 1425 1644 condempnet.

722 1996 783 2075 ξ.
831 1994 890 2058 8.
982 1992 1114 2057 Sed
1160 2013 1307 2056 cum
1347 1990 1822 2078 jusjurandum
1884 1988 2095 2053 litium
2143 1989 2660 2056 dirimendarum
2707 1992 2799 2053 sit
2835 2012 2932 2053 re·

546 2078 855 2159 medium,
901 2077 1122 2143 multis
1168 2078 1505 2143 hominum
1552 2078 1820 2143 malitiis
1883 2074 2212 2141 obviando
2295 2078 2666 2156 statuimus„
2714 2077 2928 2160 ipsum

549 2165 942 2249 exigendum
992 2167 1169 2230 omni
1213 2174 1505 2249 tempore
1542 2164 1831 2250 juridico
1877 2174 1942 2227 et
2013 2163 2499 2248 praestandum,
2544 2161 2733 2227 nulla
2785 2183 2928 2225 con-

546 2251 894 2316 suetudine
942 2262 1204 2317 servata
1267 2253 1607 2317 retroactis
1655 2249 2058 2336 temporibus
2103 2249 2521 2336 aliquatenus
2565 2249 2926 2327 renitente3

548 2358 679 2401 non
747 2347 889 2402 crat
931 2340 1106 2401 enim
1154 2360 1313 2419 usus
1358 2336 1791 2417 rationabilis,
1851 2335 1967 2401 sed
2035 2336 2266 2401 abusio
2313 2334 2755 2414 abhorrenda,
2802 2334 2928 2397 illis

548 2425 752 2488 sacris
799 2424 1201 2509 temporibus
1265 2434 1530 2510 propter
1587 2425 1913 2509 justitiam
1982 2444 2116 2487 non
2176 2424 2471 2508 recipere
2520 2424 2925 2507 juramenta,

547 2513 704 2595 quia
749 2531 895 2574 raro
943 2510 1164 2573 nullus
1212 2520 1351 2574 erat
1395 2509 1560 2575 adeo
1613 2512 1853 2595 justus,
1925 2508 2201 2574 idoneus
2246 2519 2314 2574 et
2359 2508 2654 2588 devotus,
2701 2530 2924 2593 quam-

550 2598 652 2659 vis
700 2598 893 2659 etiam
935 2596 1116 2679 juste
1163 2597 1645 2671 conveniretur,
1695 2596 1817 2661 sub
1865 2604 2213 2681 praetextu
2256 2605 2478 2661 tamen
2523 2595 2715 2658 istius
2767 2594 2926 2659 abu-

549 2683 751 2745 sionis
788 2682 1115 2761 judicium
1187 2681 1726 2767 subterfugiendo
1783 2682 2104 2747 malitiose
2165 2703 2374 2767 usque
2433 2681 2519 2747 ad
2583 2680 2727 2745 dics
2793 2702 2928 2765 pro-

548 2767 822 2853 phanoS,
870 2768 1107 2853 quibus
1153 2767 1403 2833 licitum
1452 2771 1851 2854 erat-jurare,
1901 2768 2272 2849 dilationes,
2321 2772 2621 2854 quamvis
2646 2768 2731 2831 de
2759 2768 2928 2831 facto

550 2876 668 2919 suo
714 2875 846 2917 non
892 2865 1063 2918 esset
1110 2855 1368 2937 dubius,
1414 2856 1786 2939 impetrare.
1876 2854 2016 2920 Nec
2083 2855 2324 2940 aliquis
2383 2865 2482 2919 est
2525 2874 2688 2918 sane
2757 2874 2926 2918 men-

549 2942 654 3020 tis,
700 2941 812 3026 qui
860 2940 982 3004 hoc
1052 2950 1423 3027 praesumat
1494 2941 1595 3005 vel
1655 2941 1898 3007 audeat
1955 2940 2300 3025 abnegare,
2348 2942 2612 3027 quando
2657 2960 2928 3025 genera-

549 3026 696 3091 liter
741 3026 877 3091 fere
922 3048 1151 3092 omnes
1197 3028 1491 3091 homines
1538 3032 1750 3112 magis
1796 3049 1996 3092 causa
2021 3026 2541 3112 subterfugiendi
2583 3026 2928 3109 judicium,

551 3135 745 3198 quam
793 3134 993 3178 causa
1038 3115 1447 3179 reverentiae
1494 3136 1680 3179 sacro
1725 3115 2002 3199 tempori
2050 3113 2463 3178 exhibendae
2509 3113 2722 3178 dictas
2776 3112 2930 3177 dila·

549 3200 764 3263 tiones
813 3221 1018 3285 usque
1066 3200 1150 3264 ad
1197 3199 1361 3264 haec
1406 3211 1704 3285 tempora
1749 3202 2154 3285 impetrasse.
2244 3200 2380 3265 Nos
2427 3201 2649 3285 itaque
2711 3200 2930 3263 consi·

557 3284 805 3350 deratis
851 3287 1144 3371 utrisque
1191 3288 1700 3351 circumstantiis
1745 3286 2114 3371 diligenter,
2165 3307 2316 3351 vere
2350 3286 2628 3350 dicimus
2673 3293 2932 3370 tempus

553 3370 959 3456 acceptabile
1008 3372 1279 3457 diesque
1326 3370 1575 3439 salutis*
1605 3377 1810 3456 magis
1834 3374 2282 3447 contaminari,
2329 3394 2527 3458 quam
2573 3392 2691 3458 per
2738 3373 2930 3435 talem

552 3456 937 3522 abusionem
1030 3459 1363 3541 venerari3
1433 3459 1610 3522 unde
1671 3480 1804 3523 non
1871 3457 2108 3544 probat
2172 3460 2297 3524 hoc
2357 3480 2522 3531 esse,
2637 3457 2773 3522 uod
2819 3478 2930 3543 per

550 3542 677 3608 hoc
721 3546 1042 3629 contingit
1108 3542 1372 3626 abesse3
1420 3548 1650 3629 magis
1697 3544 1821 3609 hoc
1878 3556 2172 3629 tempore
2231 3544 2530 3630 placatur
2659 3565 2800 3626 eus,
2863 3550 2930 3605 ut

549 3628 699 3694 lites
744 3630 875 3695 fine
922 3629 1144 3695 debito
1189 3630 1601 3704 decidantur,
1649 3652 1846 3716 quam
1895 3632 1951 3695 si
1997 3631 2120 3696 sub
2155 3641 2500 3716 praetextu
2525 3629 2928 3695 dictae‘abu·

552 3717 790 3781 sionis‘
822 3716 1113 3782 indebite
1185 3727 1658 3802 prorogentur,
1723 3740 1878 3781 nam
1944 3715 2188 3803 ubique
2265 3717 2528 3781 malitiis
2597 3718 2932 3781 hominum

564 3811 665 3881 est
724 3802 1217 3868 occurrendum.
1470 3860 1473 3865 .

728 3893 789 3970 ἓ.
836 3891 895 3954 9.
987 3889 1119 3954 Sed
1172 3890 1494 3973 judicium
1557 3890 1982 3971 ordinarium,
2045 3892 2130 3954 ad
2194 3889 2368 3975 quod
2429 3888 2680 3954 dictum
2741 3889 2934 3971 perti·

556 3985 671 4041 net
704 3977 1196 4061 jusjurandum,
1240 3978 1309 4040 in
1368 3976 1773 4061 temporibus
1833 3976 2007 4041 infra
2065 3978 2326 4061 scriptis
2388 3975 2692 4039 volumus
2753 3995 2936 4039 exer-

558 4064 710 4144 ceri,
772 4061 1055 4129 scilicet:
1128 4062 1295 4127 Octo
1357 4063 1591 4128 diebus
1661 4074 1812 4128 ante
1888 4064 2314 4128 Nativitatem
2393 4062 2664 4126 Domini
2733 4060 2936 4125 nostri

556 4147 717 4213 Jesu
757 4149 1022 4231 Christi,
1082 4170 1291 4234 usque
1335 4148 1418 4214 ad
1464 4162 1766 4215 octavam
1811 4150 2257 4235 Epiphaniae;
2303 4150 2458 4213 item
2505 4170 2544 4211 a
2587 4148 2938 4212 Dominica

559 4234 931 4303 Palmarum
1014 4256 1221 4321 usque
1302 4234 1389 4301 ad
1470 4246 1771 4303 octavam
1840 4235 2120 4315 Pasche‚
2197 4258 2276 4301 ac
2335 4233 2639 4302 omnibus
2707 4232 2936 4301 diebus
