3150 5017
1150 332 1244 351 --
1322 298 1454 365 111
1542 258 1698 351 -’

1457 494 1604 537 rum
1626 472 1932 539 arborum
1959 475 2162 539 actori
2187 472 2452 539 LXXII
2485 474 2596 539 de·

1457 560 1680 625 uarios
1701 569 1903 647 ponet
1924 568 1990 625 et
2037 561 2234 626 ‘udici
2251 562 2321 625 in
2337 561 2462 626 LX
2486 560 2592 625 de-

1456 648 1660 711 nariis
1705 647 2028 735 responde
2075 649 2142 712 it.
2169 652 2230 730 ξ.
2257 654 2316 714 2.
2342 646 2414 714 Si
2437 668 2596 714 vero

1457 755 1677 799 ramos
1720 743 1836 799 aut
1879 735 2100 820 virgas
2143 736 2214 807 in
2260 756 2453 800 curru
2478 733 2593 799 ab·

1459 820 1700 885 ducere
1744 822 2042 903 voluerit,
2101 829 2326 908 raptor
2371 821 2593 886 deten-

1457 918 1562 971 tus
1622 928 1825 994 equos
1891 917 2006 973 aut
2065 908 2268 974 boves
2328 929 2592 973 currum

1456 993 1792 1060 trahentes
1837 1016 1955 1081 pro
2001 994 2273 1061 dimidio
2335 994 2587 1059 fertone

1458 1080 1758 1163 redimat,
1803 1090 1920 1147 aut
1965 1081 2248 1169 qualiter
2291 1082 2470 1169 apud
2486 1102 2593 1145 ac·

1458 1175 1666 1233 torem
1729 1169 1938 1248 oterit,
1976 1170 2253 1253 gratiam
2273 1169 2594 1235 invenire.

1633 1253 1687 1318 L
1863 1255 1965 1318 De
1989 1258 2147 1339 jure
2189 1254 2592 1322 theolonarei.

1461 1340 1874 1428 Quicumque
1899 1340 2468 1407 theolonareorum
2495 1343 2596 1406 in-

1451 1430 1708 1514 justum
1811 1429 2052 1515 accipit
2151 1427 2590 1509 theoloneum,

1462 1513 1722 1579 duobus
1767 1513 2059 1580 honestis
2102 1515 2262 1579 viris
2327 1514 2590 1579 convic-

1461 1610 1569 1665 tus
1605 1600 1817 1686 judici
1863 1600 1986 1666 LX
2030 1600 2294 1683 solidos,
2356 1610 2422 1665 et
2463 1602 2598 1665 cui-

1461 1686 1626 1752 libet
1681 1690 1902 1773 jurato
1962 1688 2169 1753 XXX
2235 1687 2465 1763 solvet,
2532 1696 2600 1752 et

1462 1776 1812 1862 pecuniam
1857 1785 2086 1841 contra
2119 1776 2233 1863 jus
2257 1784 2596 1862 acceptam

1462 1881 1622 1927 vero
1681 1863 1984 1927 restituet
2041 1864 2432 1949 possessori;
2494 1884 2596 1927 se-

1466 1947 1686 2013 cunda
1728 1950 1872 2013 vice
1918 1950 2258 2015 convictus
2301 1948 2508 2035 judici
2531 1957 2597 2013 et

1454 2035 1697 2120 juratis
1763 2036 1832 2100 X
1896 2033 2144 2102 talenta
2210 2035 2454 2116 solvet,
2522 2043 2591 2100 et

1461 2120 1558 2185 illi
1605 2120 2037 2208 personaliter
2080 2122 2275 2187 ducet
2333 2123 2599 2209 pecuni-

1464 2230 1591 2290 am,
1661 2210 1766 2273 cui
1833 2209 2106 2297 accepit,
2194 2208 2593 2295 ubicumque

1462 2305 1787 2361 terrarum
1811 2296 2109 2362 terminis
2131 2304 2597 2374 commoretur3

1462 2385 1655 2449 tertio
1699 2406 1856 2450 vero
1901 2383 2245 2449 convictus
2284 2405 2354 2447 se
2379 2392 2443 2448 et
2476 2402 2598 2447 sua

1463 2470 1762 2551 redimat,
1808 2470 2169 2535 secundum
2217 2470 2392 2558 quod
2451 2492 2596 2555 gra·

1463 2558 1624 2622 tiam
1669 2579 1710 2622 a
1742 2558 1972 2644 judice
2017 2567 2082 2622 et
2117 2559 2356 2643 juratis
2417 2559 2599 2622 inve-

1460 2646 1620 2725 niet,
1682 2652 1746 2709 et
1812 2643 1899 2709 ab
1957 2666 2062 2726 e0,
2125 2667 2319 2731 quem
2366 2652 2596 2709 contra

1454 2730 1782 2818 justitiam
1825 2732 2307 2796 condemnavit.

1593 2816 1801 2883 LVII.
1835 2818 1934 2883 De
1949 2818 2284 2882 tributario
2303 2816 2593 2902 alicujus.

1464 2908 1525 2987 §-
1578 2910 1636 2970 1.
1703 2904 2000 2987 Quilibet
2043 2905 2236 2970 homo
2297 2905 2436 2971 sine
2487 2903 2596 2987 ju·

1464 2992 1613 3057 dice
1657 3000 1726 3057 et
1761 2993 2002 3078 juratis
2045 2991 2114 3055 in
2161 3012 2282 3055 sua
2341 2988 2596 3055 heredi-

1461 3086 1598 3143 tate
1622 3082 1899 3165 pignora
1915 3078 2202 3165 recipiet.
2229 3082 2288 3161 ξ.
2315 3079 2373 3141 2.
2393 3076 2464 3143 Si
2481 3098 2592 3141 au-

1461 3174 1593 3231 tem
1606 3164 1990 3231 tributarius
2005 3164 2486 3252 vadiumIredim
2493 3184 2602 3229 ere

1462 3251 1786 3329 noluerit,
1878 3252 2179 3318 dominus
2245 3251 2447 3337 judici
2537 3257 2602 3317 et

1464 3340 1579 3405 uni
1637 3340 2006 3425 juratorum
2092 3338 2434 3425 significet,
2527 3358 2598 3401 se

1462 3448 1583 3513 pro
1597 3425 1772 3514 (tali)
1788 3449 1991 3492 censu
2009 3424 2196 3511 (tale)
2211 3425 2474 3491 vadium
2490 3444 2597 3487 ac-

1464 3514 1735 3600 cepisse,
1784 3522 1847 3579 et
1891 3523 2137 3580 extunc
2181 3512 2384 3577 libere
2431 3533 2589 3576 ven-

1466 3598 1582 3664 dat
1641 3608 1707 3664 et
1766 3599 1852 3666 ad
1912 3623 2070 3679 usus
2132 3621 2282 3664 suos
2328 3619 2597 3663 conver-

1463 3693 1578 3767 tat,
1625 3694 1692 3753 et
1757 3688 1882 3752 hoc
1923 3710 2003 3753 ea
2047 3687 2126 3752 de
2165 3706 2384 3767 causa,
2429 3694 2503 3749 ut
2546 3684 2599 3749 si

1462 3782 1616 3861 post
1673 3772 1780 3839 ela
1829 3796 1973 3841 sum
2053 3774 2364 3862 temporis
2447 3794 2598 3859 spa-

1461 3863 1629 3926 tium
1704 3862 1786 3925 tri
1836 3863 2085 3927 utarius
2166 3882 2285 3948 pro
2352 3861 2602 3945 majore

1462 3948 1740 4034 pignore
1800 3958 1915 4014 aut
1971 3947 2194 4015 valore
2256 3946 2598 4013 dominum

1463 4035 1783 4121 impetere
1826 4034 2125 4117 voluerit,
2171 4057 2288 4123 per
2301 4034 2599 4121 judicem

1466 4130 1533 4187 et
1565 4122 1862 4207 juratum
1911 4144 2176 4186 causam
2234 4125 2444 4211 possit
2489 4144 2602 4187 an-

1466 4209 1765 4273 nihilare.
1855 4213 1914 4291 §.
1963 4215 2021 4275 3.
2068 4208 2230 4275 Item
2280 4211 2336 4274 si
2391 4210 2599 4275 tribu-

1464 4294 1672 4361 tarius
1716 4303 1850 4363 tres
1895 4317 2132 4363 census
2177 4296 2336 4365 dare
2363 4296 2600 4389 ,negle-
