3150 5017
1481 284 1962 351 -288-

531 468 594 548 ξ.
647 464 706 528 7.
753 457 921 527 Item
969 457 1186 527 debet.
1211 480 1357 527 esse
1403 461 1639 527 eau'tus
1686 458 1911 547 judeX,
1959 467 2041 545 ut,
2076 458 2317 540 omnia,
2364 474 2535 545 quae
2578 464 2789 523 eoram
2833 471 2904 525 eo

525 558 845 637 aguntur,
907 550 974 613 in
1043 549 1208 613 actis
1270 549 1351 612 de
1423 548 1625 614 verbo
1685 547 1769 612 ad
1829 546 2110 613 verbum
2152 546 2275 612 s'ub
2324 546 2497 613 bono
2544 545 2903 613 testimonio

531 639 902 725 juratorum
950 636 1392 724 praesentium
1464 657 1584 721 per
1626 633 1962 700 notarium
2008 634 2413 719 redigantur,
2460 641 2525 697 et
2568 632 2905 717 praecipue

529 723 928 813 sententias,
974 744 1144 809 quae
1192 721 1279 786 ad
1316 724 1686 809 juratorum
1736 722 2209 814 inaniloquium
2256 729 2715 808 prorogantur,
2748 733 2907 783 'con-

541 810 739 877 scribi
763 810 1010 875 faciant
1035 808 1402 894 diligenter.
1451 810 1552 874 Sit
1575 811 1771 875 etiam
1820 817 2069 886 cautus,
2113 816 2189 872 ut
2224 808 2446 873 omnia
2469 813 2621 873 acta
2640 806 2908 891 origina-

533 899 622 965 lia
668 905 1053 964 remaneant
1077 897 1254 981 apud
1301 898 1540 984 ipsum.
1589 901 1649 979 ἓ.
1692 898 1753 961 8.
1798 896 1879 960 In
1927 910 2004 961 eo
2052 896 2251 961 etiam
2294 896 2379 959 sit
2408 900 2655 959 ,cautus
2690 892 2910 976 judu,
3032 934 3051 952 .

533 994 608 1051 ut
656 987 725 1050 in
773 989 952 1049 omni
999 1004 1216 1065 causa,
1263 984 1651 1071 priusquam
1695 985 1765 1047 in
1807 1005 1889 1049 >ea
1932 980 2268 1070 procedat,
2315 981 2415 1061 de,
2440 980 2615 1045 facto
2659 978 2912 1065 plenius

536 1074 922 1158 instruatur,
986 1072 1141 1158 quia
1199 1071 1578 1157 ignorantia
1650 1070 1808 1135 facti
1868 1070 2267 1157 quandoque
2324 1068 2411 1133 in'
2446 1065 2709 1153 judicio
2768 1064 2913 1136 facit

543 1159 986 1248 peritissimos
1011 1157 1298 1223 deviare.
1346 1159 1496 1240 §.a
1528 1156 1876 1239 Volumus,
1922 1166 1998 1222 ut
2022 1159 2263 1237 omnia,
2309 1176 2479 1243 quae
2502 1175 2709 1241 supra
2752 1153 2915 1217 dieta

546 1253 700 1312 sunt
761 1244 842 1310 de
910 1245 1272 1310 urburariis
1318 1245 1538 1331 quoad
1583 1266 1965 1331 processum
2002 1244 2429 1331 judiciorum,
2464 1240 2685 1327 judex
2730 1240 2913 1309 etiam

546 1335 616 1399 in
663 1354 782 1397 sua
828 1354 1112 1420 persona
1158 1331 1418 1397 studeat
1462 1331 1861 1417 adimplere3
1908 1340 1973 1397 et
2018 1332 2075 1395 si
2121 1329 2280 1417 quid
2303 1330 2395 1395 ibi
2414 1330 2631 1394 minus
2678 1324 2913 1393 dictum

549 1421 634 1485 sit
681 1418 762 1484 de
798 1419 1266 1506 jurisdictione
1314 1417 1832 1495 urburariorum,
1890 1440 2009 1505 per
2067 1418 2247 1482 hunc
2303 1414 2565 1481 titulum
2622 1412 2916 1502 supplea-

547 1517 670 1589 tur,
720 1514 796 1571 ut
837 1506 1186 1593 utrobique
1231 1513 1551 1571 tractatus
1599 1527 1677 1571 eo
1724 1504 2111 1591 completior
2156 1504 2499 1571 habeatur.
2548 1505 2608 1584 ξ.
2634 1502 2745 1567 10.
2788 1500 2919 1565 Nec

533 1592 706 1660 illud
765 1614 1134 1685 possumus·
1183 1592 1630 1693 pertransire,¹
1670 1594 1935 1681 quando
1995 1591 2290 1677 judicem
2336 1592 2404 1654 in
2450 1577 2783 1676 prinbipio
2824 1588 2917 1652 in·

401 1698 408 1705 ·
535 1683 772 1751 troitus
837 1682 939 1745 sui
998 1682 1080 1744 ad
1131 1678 1460 1765 judicium
1523 1700 1747 1744 coram
1802 1681 2041 1760 juratis
2102 1679 2423 1745 montium
2460 1677 2693 1768 jurare
2743 1696 2919 1763 opor-

491 1766 496 1773 ’
536 1775 693 1849 teat,
742 1768 916 1832 sicut
960 1766 1207 1831 dictum
1255 1775 1354 1831 est
1400 1787 1478 1832 su
1530 1788 1605 1831 ra
1650 1766 1733 1831 de
1778 1766 2165 1848 urburariis‚
2228 1774 2293 1832 et
2352 1785 2579 1831 omnes
2623 1761 2783 1829 illos
2826 1783 2918 1829 ar·

537 1853 775 1921 ticulos
836 1854 904 1918 in
957 1855 1339 1940 juramento
1404 1876 1483 1918 ur
1531 1856 1899 1919 urariorum
1962 1874 2314 1941 expressos
2374 1846 2811 1917 manutenere
2864 1857 2921 1915 et

538 1940 1014 2007 inviolabiliter
1038 1940 1410 2006 observare.
1461 1944 1522 2023 §.
1555 1942 1655 2007 11.
1708 1941 2072 2006 Statuimus
2097 1941 2318 2023 etiam,
2362 1945 2436 2003 ut
2458 1940 2515 2005 si
2530 1935 2755 2023 judex
2780 1955 2921 2001 cum

537 2028 758 2115 aliquo
821 2030 906 2095 ali
961 2026 1240 2093 uibusve
1302 2048 1569 2093 causam
1633 2026 1895 2110 habeat,
1958 2026 2065 2095 vel
2110 2034 2300 2115 pater
2333 2024 2581 2113 judicis
2628 2031 2920 2092 materve

535 2117 704 2203 ejus,
764 2124 878 2181 aut
996 2124 1153 2196 ater,
1217 2135 1486 2181 sororve
1549 2115 1709 2201 ejus,
1784 2136 1919 2179 non
1956 2116 2126 2202 ¹ipse
2183 2113 2397 2201 judex
2454 2120 2615 2179 tunc
2674 2110 2920 2197 judicio

538 2200 932 2291 praesideat,
1055 2204 1168 2267 uia
1228 2200 1674 2289 periculosum
1736 2209 1837 2267 est
1895 2201 2017 2267 sub
2085 2208 2407 2289 suspecto.
2452 2198 2748 2284 litigare;
2811 2196 2921 2263 sed

547 2287 744 2356 debet
792 2288 917 2353 sibi
965 2310 1041 2354 su
1092 2288 1361 2355 stituere
1405 2288 1691 2376 aliquem
1738 2312 1821 2353 ex
1858 2288 2116 2374 juratis,
2162 2288 2276 2376 qui
2320 2286 2709 2353 nullatenus
2759 2284 2923 2371 parti

539 2376 730 2441 alteri
777 2376 862 2440 sit
906 2383 1272 2463 suspectus,
1336 2398 1455 2463 per
1500 2384 1695 2465 quem
1740 2397 1953 2463 aequa
1997 2376 2191 2442 lance
2234 2376 2408 2441 inter
2464 2386 2581 2440 eos·
2639 2372 2937 2459 litigium‘

540 2464 948 2529 terminetur.

1520 3073 1696 3157 cap.
1740 3072 1931 3140 vm.

1325 3210 1427 3274 De
1468 3210 1793 3295 maqisbria
1834 3210 2159 3277 montium.

717 3331 778 3411 ξ.
807 3329 865 3394 1.
913 3328 1216 3419 Magistri
1239 3332 1560 3395 montium
1588 3330 1895 3397 dicuntur
1919 3352 2015 3408 eo,
2061 3328 2237 3418 quod
2262 3348 2461 3415 super
2502 3346 2737 3393 omnes
2792 3325 2927 3391 offi-

545 3415 748 3481 ciales
793 3424 860 3479 et
901 3414 1308 3481 laboratores
1351 3418 1422 3481 in
1470 3416 1803 3483 montibus
1850 3418 1976 3484 sibi
2022 3418 2389 3483 commissis
2434 3426 2661 3481 curam
2685 3420 2928 3499 gerunt

548 3511 613 3568 et
656 3504 1100 3587 magisterium
1151 3502 1535 3591 principale.
1585 3509 1644 3587 ἓ.
1671 3506 1731 3571 2.
1779 3504 1978 3571 Unde
2023 3504 2460 3591 prospicimus
2504 3500 2786 3568 firmiter
2802 3507 2926 3565 sta-

539 3589 808 3671 tuendo,
853 3598 928 3654 ut
971 3588 1196 3656 nullus
1244 3592 1557 3677 deinceps
1605 3594 1921 3677 magister
1965 3593 2285 3659 montium
2330 3586 2461 3655 nisi
2518 3608 2608 3655 ex
2669 3586 2926 3653 colonis

541 3675 838 3762 ejusdem
885 3677 1126 3742 montis
1171 3685 1238 3743 et
1281 3699 1400 3764 per
1443 3679 1624 3765 ipsos
1684 3678 1955 3745 colonos
2016 3678 2255 3759 fidelis,
2310 3682 2625 3763 expertus
2674 3682 2741 3739 et
2785 3671 2926 3738 ido-

543 3783 708 3828 neus
756 3761 1058 3849 eligatur,
1106 3766 1219 3851 qui
1265 3764 1351 3829 ad
1395 3767 1615 3831 minus
1660 3766 1962 3832 XXXII.
2008 3774 2261 3853 partem
2310 3771 2532 3828 monte
2577 3760 2829 3829 habeat
2860 3760 2927 3824 in

538 3849 789 3916 eodem.
835 3855 895 3933 ξ.
923 3853 982 3917 3.
1031 3850 1158 3916 Cui
1202 3850 1535 3917 urburarii
1582 3853 1668 3918 ad
1714 3875 1973 3919 omnem
2019 3851 2369 3918 utilitatem
2406 3848 2597 3917 nobis
2644 3846 2927 3913 colonis·

539 3958 668 4088 {que
711 3936 992 4004 fideliter
1033 3936 1404 4004 faciendam
1451 3938 1695 4007 debent
1737 3950 2022 4008 statuere
2056 3940 2532 4027 juramentum,
2579 3942 2643 4001 et
2689 3935 2747 4001 si
2793 3952 2927 4000 non

567 4032 935 4111 requenter,
982 4026 1158 4113 quod
1201 4025 1434 4093 saltem
1481 4025 1684 4093 semel
1728 4026 2033 4114 qualibet
2075 4026 2445 4115 septimana
2489 4018 2927 4110 personaliter

492 4118 502 4127 ‘
539 4115 740 4176 intret
783 4111 1030 4194 foveas,
1077 4112 1596 4199 argentifodinas
1642 4115 1769 4180 sibi
1814 4116 2218 4194 commissas,
2262 4113 2391 4177 nisi
2437 4110 2734 4196 legitime
2762 4117 2926 4173 tunc

537 4196 736 4263 fuerit
777 4199 1242 4286 praepeditus3
1289 4201 1447 4287 quid
1497 4223 1579 4267 ue
1624 4200 1871 4269 ibidem
1918 4200 2135 4285 fuerit,
2180 4198 2475 4267 defectus
2518 4195 2630 4263 vel
2664 4214 2925 4261 errores

543 4284 790 4351 utiliter
811 4286 1218 4372 corrigendo.
1265 4292 1325 4370 ξ.
1348 4288 1411 4353 4.
1497 4288 1623 4355 tde
1640 4289 1902 4355 futurae
1934 4289 2341 4376 septimanae
2388 4282 2728 4351 laboribus
2772 4302 2925 4347 cum
