3150 5017
1496 250 1798 319 *136
1885 232 1980 299 -'

536 418 917 512 hujusmodi
987 424 1369 507 obligatum,
1448 432 1515 489 et
1583 424 1680 487 sic

538 512 925 599 probatione
990 509 1182 591 facta,
1274 508 1676 575 christianus

540 607 780 663 sortem
825 606 893 663 et
936 618 1169 662 usuras
1217 596 1275 661 ei
1346 594 1679 682 persolvet

539 684 761 750 medio
841 692 1138 768 tempore
1226 690 1676 765 accrescentes

540 768 772 856 (Belaz
820 766 1220 834 christianus
1245 768 1535 833 debitum
1563 787 1682 853 pro

540 877 670 943 quo
716 853 1067 941 obligatur,
1114 856 1255 919 sine
1299 853 1681 920 diminutio-

544 964 631 1007 ne
678 942 1057 1027 persolvat.)

724 1033 782 1091 7.
827 1027 1021 1107 Item,
1066 1026 1119 1091 si
1164 1027 1421 1111 aut'per
1458 1047 1682 1091 casum

538 1113 855 1194 incendii,
916 1123 1031 1179 aut
1093 1134 1211 1197 per
1276 1112 1521 1177 furtum
1570 1119 1686 1175 aut

540 1222 659 1285 per
717 1201 847 1263 vim
916 1222 1019 1264 res
1088 1220 1239 1263 suas
1309 1219 1455 1263 cum
1520 1196 1684 1262 obli-

541 1285 711 1371 gatis
773 1284 898 1349 sibi
960 1286 1351 1371 pignoribus
1393 1284 1686 1348 amiserit

540 1382 609 1435 et
650 1372 776 1435 hoc
823 1372 1205 1452 constiterit,
1276 1378 1341 1433 et
1384 1369 1681 1433 christia-

542 1451 687 1537 nus,
734 1457 914 1543 quod
959 1456 1298 1539 obligavit,
1358 1453 1685 1519 nihilomi-

543 1564 671 1607 nus
716 1565 867 1607 eum
910 1544 1199 1627 impetit:
1244 1540 1541 1606 ‚Iudaeus
1576 1542 1684 1625 ju·

542 1636 837 1693 ramento
936 1630 1203 1714 proprio
1283 1627 1682 1693 absolvatur.

552 1712 791 1797 (Βεὶαε
858 1714 1277 1794 absolvatur,
1354 1714 1483 1778 nisi
1550 1714 1684 1777 fac·

540 1810 683 1865 tum
745 1800 945 1864 fuerit
997 1801 1323 1864 notorium
1368 1809 1435 1865 et
1476 1804 1683 1863 mani-

542 1886 802 1962 festum,
866 1894 937 1950 ut
996 1902 1097 1951 est
1161 1893 1317 1951 ante
1382 1885 1682 1969 dictum.)

692 1972 756 2037 8.
804 1970 992 2048 Item,
1041 1972 1095 2036 si
1139 1970 1380 2037 Judaei
1426 1971 1507 2035 de
1550 1971 1684 2037 fac·

540 2064 610 2122 to
656 2057 831 2122 inter
891 2079 961 2123 se
1022 2056 1421 2123 discordiam
1466 2079 1684 2123 move·

517 2145 674 2208 ›rint
722 2153 838 2208 aut
880 2164 1227 2229 guerram:
1264 2144 1481 2228 judex
1526 2144 1684 2207 civi-

540 2232 698 2294 tatis
746 2238 1011 2295 nostrae
1024 2228 1278 2294 nullam
1323 2229 1447 2294 sibi
1494 2230 1684 2313 juris·

545 2314 899 2387 dictionem
946 2315 1257 2381 vendicet
1297 2317 1369 2380 in
1403 2314 1685 2389 eosdem,

549 2401 668 2465 sed
713 2402 859 2487 ipse
904 2401 1041 2467 dux
1084 2409 1200 2465 aut
1242 2422 1535 2466 summus
1557 2412 1684 2467 ter-

554 2508 667 2551 rae
711 2507 867 2553 suae
912 2488 1308 2552 camerarius
1356 2487 1686 2575 judicium

548 2573 883 2638 exercebit
925 2572 1151 2653 (Belaz
1214 2573 1329 2638 sed
1390 2596 1512 2638 nos
1573 2584 1689 2639 aut

542 2679 839 2725 summus
902 2670 1127 2724 noster
1183 2659 1686 2746 cancellarius);

548 2746 605 2810 si
648 2753 879 2812 autem
938 2748 1151 2831 vergit
1190 2748 1261 2811 in
1302 2766 1686 2832 personam:

496 2830 664 2896 -soli
732 2830 897 2897 duci
961 2832 1191 2917 (Belou
1254 2832 1374 2897 soli
1417 2841 1686 2897 nostrae

588 2920 898 3001 ersonae)
959 2916 1066 2981 hic
1126 2939 1317 2983 casus
1376 2916 1685 2983 observa-

540 2940 723 3067 bitur
758 3002 1189 3087 judicandus.

730 3093 792 3153 9.
833 3090 1038 3163 Item,·
1068 3090 1122 3152 si
1146 3089 1541 3154 christianus
1572 3090 1685 3155 Ju-

542 3173 708 3240 daeo
751 3175 996 3239 vulnus
1042 3173 1523 3261 qualecumque
1585 3178 1684 3241 in-

542 3260 821 3325 flixerit:
866 3282 1020 3325 reus
1070 3262 1221 3325 duci
1265 3260 1483 3327 solvat
1520 3262 1681 3326 duo-

547 3344 759 3410 decim
796 3368 1061 3411 ·marcas
1108 3346 1338 3431 (Belem
1384 3370 1535 3412 reus
1566 3369 1680 3412 no-

549 3430 652 3496 bis
708 3428 922 3497 solvat
980 3455 1259 3519 poenam
1320 3433 1680 3498 secundum

540 3518 1085 3584 consuetudinem
1117 3521 1323 3604 regni,
1345 3518 1479 3585 XII
1511 3542 1681 3584 mar-

538 3606 680 3689 cas)
733 3606 889 3669 auri·
932 3625 1090 3669 suae
1150 3626 1449 3671 camerae
1494 3604 1678 3671 defe-

536 3690 802 3773 rendas,
849 3690 1197 3756 vulnerato
1241 3690 1372 3757 XII
1424 3714 1680 3757 mareas

540 3777 795 3861 argenti
842 3785 908 3842 et
952 3798 1303 3863 expensas,
1352 3798 1515 3863 quas
1557 3800 1678 3866 pro

546 3864 783 3927 suimet
869 3866 1205 3929 curatione
1276 3865 1670 3952 impenderit

540 3945 931 4014 medicinae.

722 4040 819 4099 10.
875 4035 1061 4117 Item,
1141 4036 1194 4099 si
1284 4036 1679 4103 christianus

548 4118 877 4183 Judaeum
903 4121 1321 4205 interemerit,
1358 4132 1565 4189 morte
1583 4122 1676 4187 di-

540 4225 679 4289 gno„
706 4204 963 4291 judicio
1008 4209 1323 4295 puniatur
1366 4218 1432 4275 et
1459 4210 1680 4275 omnia

1783 420 2116 506 implicito,
2163 428 2410 506 quanto
2457 421 2542 485 sit
2586 421 2646 485 ei
2685 421 2914 504 pignus

1785 508 2146 591 obligat-um
2171 506 2568 592 hujusmodi,
2591 506 2913 592 probabit,

1785 603 1850 657 et
1891 595 1986 658 sic
2017 596 2494 679 expurgatione
2512 592 2714 673 facta,
2759 592 2913 655 chri-

1787 679 2038 745 stianus
2123 689 2362 745 sortem
2429 688 2496 744 et
2563 698 2806 743 usuras
2859 679 2911 743 ei

1790 766 2150 852 persolvet,
2234 786 2403 851 quae
2477 764 2698 830 medio
2767 773 2914 829 tem-

1788 875 1946 939 pore
1990 852 2418 918 accreverint.

1959 1028 2021 1107 §.
2073 1024 2130 1087 7.
2175 1023 2362 1100 Item,
2407 1024 2465 1087 si
2509 1028 2624 1085 aut
2669 1044 2793 1107 per
2825 1042 2918 1085 ca·

1787 1131 1927 1175 sum
1991 1109 2278 1175 incendii
2345 1118 2460 1173 aut
2515 1130 2636 1194 per
2679 1108 2917 1173 furtum

1787 1204 1902 1259 aut
1970 1217 2087 1281 per
2153 1197 2286 1259 vim
2363 1216 2471 1259 res
2547 1214 2708 1259 suas
2783 1214 2920 1257 cum

1789 1281 2095 1366 obligatis
2141 1280 2268 1347 sibi
2313 1280 2704 1368 pignoribus
2771 1282 2917 1345 ami-

1787 1370 1945 1433 serit
1990 1375 2056 1433 et
2099 1368 2224 1432 hoc
2246 1368 2632 1447 constiterit,
2667 1377 2740 1431 et
2761 1367 2916 1430 chri-

1788 1454 2040 1518 stianus
2083 1455 2194 1539 qui
2211 1454 2333 1517 boc
2364 1452 2794 1537 obligaverit,
2829 1454 2915 1518 ni-

1787 1540 2139 1605 hilominus
2156 1541 2415 1625 impetit
2429 1562 2576 1605 eum
2596 1563 2610 1603 :
2625 1540 2676 1605 J
2677 1540 2918 1605 udaeus

1777 1628 2154 1713 juramento
2198 1626 2465 1713 proprio
2510 1649 2582 1692 se
2603 1625 2917 1693 absolvet.

1959 1974 2019 2054 ξ.
2045 1970 2103 2035 8.
2149 1969 2336 2045 Item,
2383 1970 2437 2035 si
2465 1970 2713 2037 Judaei
2757 1972 2916 2037 inter

1787 2077 1858 2121 se
1903 2053 2297 2121 discordiam
2357 2054 2439 2121 de
2483 2056 2656 2123 facto
2709 2080 2914 2123 move-

1787 2143 1921 2206 rint
1963 2150 2080 2207 aut
2121 2163 2446 2227 guerram,
2497 2145 2720 2228 judex
2775 2145 2917 2208 civi-

1787 2229 1940 2292 tatis
1984 2239 2247 2295 nostrae
2307 2227 2557 2294 nullam
2615 2229 2916 2315 jurisdic-

1785 2315 2034 2379 tionem
2095 2314 2220 2379 sibi
2281 2316 2592 2381 vendicet
2651 2318 2729 2381 in
2791 2338 2916 2381 eos-

1791 2400 1976 2482 dem,
2043 2401 2161 2467 sed
2222 2421 2343 2465 rex
2407 2412 2524 2468 aut
2591 2401 2737 2468 dux
2818 2410 2920 2467 aut

1792 2509 2084 2551 summus
2142 2494 2357 2552 terrae
2417 2488 2523 2553 vel
2583 2493 2775 2574 regni
2819 2510 2916 2552 ca—

1792 2575 2108 2637 merarius
2156 2573 2484 2658 judicium
2554 2574 2915 2656 exercebit3

1791 2660 1846 2723 si
1891 2668 2110 2724 autem
2155 2668 2374 2724 reatus
2418 2662 2631 2746 vergit
2673 2662 2750 2725 in
2789 2682 2915 2748 per·

1791 2766 2042 2825 sonam,
2089 2744 2209 2809 soli
2254 2748 2393 2830 regi
2440 2747 2580 2813 sive
2625 2744 2784 2811 duci
2825 2766 2915 2811 ca-

1791 2854 1902 2896 sus
1933 2830 2378 2899 reservabitur
2411 2832 2842 2919 judicandus.

1963 3093 2022 3171 ξ.
2067 3092 2130 3155 9.’
2166 3089 2358 3171 Item,
2417 3090 2472 3153 si
2519 3089 2910 3177 christianus

1787 3174 2044 3241 Judaeo
2132 3175 2376 3240 vulnus
2463 3175 2912 3265 qualecunque

1787 3261 2126 3343 inflixerit,
2187 3283 2336 3327 reus
2395 3264 2536 3347 regi
2599 3263 2708 3345 vel
2771 3264 2911 3328 duci

1739 3382 1746 3387 ·
1787 3347 2002 3411 solvat
2065 3348 2190 3413 XII
2251 3369 2510 3413 marcas
2571 3351 2719 3414 auri.
2763 3370 2912 3415 suae

1786 3454 2084 3498 camerae
2127 3432 2536 3512 deferendas,
2584 3444 2650 3500 et
2695 3436 2912 3501 vulne·

1786 3527 1957 3584 rato¹
1997 3519 2138 3583 XII
2203 3542 2456 3585 marcas
2521 3523 2780 3607 argenti
2855 3529 2914 3585 et

1786 3626 2136 3691 expensas,
2197 3627 2360 3693 quas
2407 3627 2526 3691 pro
2573 3630 2694 3671 sua
2737 3630 2908 3673 cura-

1782 3692 1962 3757 tione
2005 3690 2404 3778 impenderit
2445 3693 2838 3760 medicinae.-

1955 4042 2014 4118 ξ.
2067 4041 2164 4103 10.
2211 4034 2396 4117 Item,
2443 4036 2500 4101 si
2523 4036 2908 4103 christianus

1783 4122 2111 4188 Judaeum
2157 4122 2488 4205 occiderit,
2551 4124 2752 4210 digno
2797 4126 2903 4211 ju·

1783 4208 1958 4275 dicio
2016 4210 2358 4296 puniatur,
2417 4218 2486 4275 et
2543 4213 2764 4277 omnia
2819 4209 2905 4277 rei
