3150 5017
508 306 648 355 m.
688 304 791 354 111.
1462 322 1552 337 --
1639 284 1769 353 372
1851 248 1941 337 s·—

516 458 1029 545 conductorum3
1074 480 1267 527 nemo
1310 459 1487 527 enim
1558 458 1841 526 alterius
1907 458 2296 547 locupletari
2363 457 2560 524 debet
2614 458 2883 545 jactui-a.

524 547 658 617 Sed
702 550 757 613 si
803 546 1140 613 metallum
1188 546 1484 635 ejusdem
1532 568 1609 613 se
1659 548 1969 629 timanae,
2027 547 2100 612 in
2159 568 2294 634 qua
2351 546 2578 611 finitur
2635 543 2884 625 locatio,

521 637 833 701 emissum
894 656 1026 699 non
1088 634 1308 714 fuerit,
1369 634 1476 699 hic
1536 656 1611 699 so
1643 656 1751 699 um
1815 633 1942 699 sibi
1983 633 2310 700 locatione
2353 631 2624 698 valeant
2665 630 2885 697 vendi·

520 742 693 789 care.
782 720 1123 809 Quidquid
1178 729 1397 787 autem
1460 719 1716 786 metalli
1780 720 1864 785 de
1909 719 2460 807 praecedentibus
2507 718 2882 805 septimanis

514 817 669 875 ante
726 809 1081 873 terminum
1142 808 1400 873 finitum
1460 808 1532 872 in
1601 807 2042 894 argentifodio
2107 808 2530 889 remanserit,
2593 804 2882 893 perdide·

515 902 688 961 runt.
734 894 824 961 Et
868 896 965 961 sic
1009 894 1315 960 omnibus
1360 893 1511 960 aliis
1562 895 2066 982 quaestionibus
2109 892 2470 959 secundum
2516 891 2879 959 naturalem

512 984 834 1048 rationem
882 990 985 1047 est
1026 980 1317 1047 breviter
1342 980 1771 1062 conclusum3
1816 1003 2015 1068 quam
2057 980 2550 1047 conclusionem
2576 979 2883 1064 deinceps

516 1070 589 1134 in
653 1068 961 1134 omnibus
1022 1066 1462 1134 locationibus
1528 1069 1731 1134 etiam
1791 1067 2078 1135 urburae
2136 1076 2404 1134 nostrae
2461 1066 2892 1155 praecipimus

514 1154 989 1223 inviolabiliter
1031 1154 1392 1221 observari.

1520 1505 1695 1588 Cap.
1740 1458 1896 1569 Vll.

1410 1623 1513 1688 De
1556 1621 2022 1689 donationibus.

689 1759 989 1827 Moribus
1046 1761 1224 1849 apud
1282 1782 1405 1827 nos
1466 1762 1834 1849 antiquitus
1876 1768 2212 1849 receptum
2258 1770 2376 1845 est,
2427 1784 2545 1850 per
2593 1762 2890 1828 donatio-

515 1869 669 1915 nem
736 1847 929 1914 nobis
994 1850 1247 1935 acquiri
1313 1850 1794 1936 possessionem
1863 1857 1940 1913 et
1993 1849 2337 1915 transferri
2413 1850 2482 1914 in
2551 1870 2899 1936 personam

516 1936 879 2001 dominium
943 1933 1261 2019 alienam3
1326 1934 1495 1999 nihi}
1560 1936 1738 2001 enim
1791 1942 1925 2000 tam
1993 1938 2398 2002 conveniens
2463 1946 2563 2001 est
2607 1936 2894 2001 naturali

527 2024 874 2108 aequitati,
920 2042 1119 2108 quam
1164 2021 1571 2087 voluntatem
1623 2020 1869 2087 domini
1915 2022 2197 2089 volentis
2241 2044 2379 2089 rem
2442 2044 2629 2091 suam
2693 2031 2900 2089 trans·

524 2108 695 2175 ferro
736 2109 809 2173 in
854 2106 1079 2189 alium,
1124 2118 1333 2175 ratam
1379 2108 1632 2176 haberi.

695 2199 757 2279 ξ.
820 2197 879 2260 1.
940 2195 1063 2261 Est
1122 2204 1341 2261 autem
1403 2196 1668 2261 donatio
1727 2196 1823 2260 rei
1883 2195 2108 2263 licitae
2165 2196 2352 2262 nullo
2401 2197 2556 2283 jure
2620 2204 2897 2281 cogente

520 2303 704 2348 mera
748 2290 815 2348 et
843 2280 1137 2347 liberalis
1180 2284 1251 2347 in
1296 2282 1573 2347 alterum
1601 2282 1778 2349 facta
1797 2282 2187 2367 translatio;
2235 2293 2302 2350 et
2345 2284 2706 2372 perficitur,
2755 2304 2896 2348 cum

522 2370 806 2435 donator
867 2390 1053 2435 suam
1111 2368 1521 2435 voluntatem
1585 2390 1807 2435 coram
1866 2369 2092 2457 probis
2153 2371 2316 2437 viris
2375 2370 2898 2436 manifestaverit

520 2454 912 2523 voluntarie.
1002 2456 1112 2521 Ex
1154 2464 1314 2521 tunc
1382 2456 1684 2521 donatori
1727 2457 1882 2542 jure
1939 2466 2220 2541 cogente
2279 2457 2608 2525 incumbit
2677 2478 2898 2523 neces-

521 2545 701 2626 sitas,
744 2546 1225 2629 possessionem
1270 2545 1342 2607 in
1388 2564 1735 2631 personam
1783 2545 2108 2609 donatarii
2154 2544 2630 2627 transterendi3
2683 2543 2803 2608 sed
2847 2544 2897 2608 si

521 2629 648 2696 hoc
714 2629 993 2696 donator
1055 2632 1493 2713 recusaverit,
1574 2628 2005 2696 nihilominus
2084 2631 2353 2698 donatio
2436 2630 2895 2718 plenissimum

523 2716 726 2783 robur
768 2715 1011 2782 habeat
1054 2727 1120 2783 et
1162 2718 1552 2805 perfectum,
1611 2739 1688 2783 eo
1749 2716 1925 2803 quod
1985 2716 2160 2783 hanc
2219 2718 2348 2784 sibi
2409 2715 2895 2805 quodammodo

522 2800 838 2869 nobilitas
882 2803 1095 2890 legem
1141 2805 1349 2891 ponit,
1396 2801 1640 2870 debere
1683 2824 1771 2884 se,
1819 2802 1996 2890 quod
2019 2812 2252 2891 sponte
2275 2806 2528 2886 tribuit,
2573 2805 2896 2885 aestimet,

522 2899 589 2956 et
632 2890 761 2955 nisi
805 2890 877 2954 in
923 2890 1261 2956 beneficiis
1320 2892 1457 2956 suis
1516 2892 1816 2973 creverit,
1878 2890 2044 2955 nihil
2107 2912 2178 2957 se
2221 2893 2630 2979 praestitisse
2679 2887 2895 2978 putet3

522 2977 818 3063 haecque
863 2975 1228 3042 liberalitas
1250 2979 1320 3043 in
1348 2978 1762 3041 donatarium
1807 2976 1919 3065 pie
1963 2978 2234 3064 perfusa
2278 2979 2476 3045 debet
2521 2980 2742 3063 ipsum
2793 2976 2900 3041 do·

522 3065 739 3128 natori
786 3063 872 3128 ad
914 3072 1104 3149 grata
1150 3063 1465 3149 obsequia
1488 3085 1869 3150 provocare,
1917 3085 1997 3129 ac
2039 3064 2511 3131 beneficiorum
2553 3084 2894 3151 nunquam

520 3170 667 3216 esse
710 3151 1158 3215 immemorem
1198 3159 1678 3237 perceptorum.
1724 3150 1814 3216 Et
1857 3150 1965 3215 hic
2009 3159 2108 3215 est
2151 3151 2385 3217 modus
2427 3150 2740 3232 donandi,
2791 3151 2899 3236 qui

518 3244 795 3302 vocatur
830 3237 1005 3323 juris
1048 3234 1588 3324 interpretatione
1631 3237 1901 3302 donatio
1944 3238 2118 3302 inter
2159 3240 2366 3303 vivos.
2453 3240 2511 3325 ξ.
2557 3244 2618 3305 2.
2665 3238 2792 3303 Est
2837 3244 2900 3301 et

522 3322 695 3389 alius
754 3324 990 3389 modus
1056 3324 1449 3404 donationis,
1516 3324 1629 3410 qui
1689 3333 1958 3409 propter
2017 3326 2246 3389 mortis
2293 3326 2738 3412 suspicionem
2808 3324 2898 3403 fit,

520 3430 671 3475 cum
731 3412 881 3496 quis
937 3411 1033 3475 ita
1094 3410 1457 3491 donaverit,
1516 3412 1573 3475 si
1632 3409 1884 3496 aliquid
1943 3411 2002 3474 ei
2063 3410 2444 3478 humanitus
2489 3412 2893 3497 contigisset,

520 3495 795 3563 haberet
836 3497 913 3578 is,
958 3501 1071 3583 qui
1117 3498 1501 3583 accepisset.
1574 3496 1708 3561 Sed
1750 3497 1822 3561 in
1868 3518 2124 3561 summa
2168 3500 2398 3563 mortis
2443 3519 2648 3563 causa
2693 3496 2894 3561 dona-

516 3584 611 3649 tio
669 3592 789 3665 est,
842 3605 989 3648 cum
1051 3584 1199 3670 quis
1260 3584 1471 3669 magis
1518 3604 1591 3649 se
1631 3583 1796 3649 velit
1838 3583 2102 3666 habere,
2163 3606 2360 3671 quam
2407 3606 2576 3667 eum,
2625 3585 2731 3648 cui
2783 3584 2892 3649 do·

530 3677 748 3751 natur,
794 3670 1136 3757 magisque
1180 3668 1389 3753 illum,
1435 3672 1542 3735 cui
1591 3672 1809 3752 donat,
1856 3690 2049 3756 quam
2076 3671 2408 3737 heredem.
2455 3675 2514 3753 ξ.
2549 3672 2608 3735 3.
2656 3668 2792 3736 Sed
2837 3676 2902 3734 et

520 3758 805 3843 majores
830 3758 1075 3839 nostri,
1122 3757 1259 3822 divi
1302 3757 1755 3842 imperatores,
1801 3756 2285 3844 prohibuerunt
2309 3757 2702 3823 donationes
2723 3756 2898 3821 inter

520 3846 737 3909 virum
800 3852 867 3909 et
922 3843 1286 3924 mulierem,
1348 3862 1434 3907 ne
1494 3850 1722 3907 mutuo
1781 3863 2006 3908 amore
2073 3866 2144 3909 se
2188 3846 2471 3910 invicem
2519 3842 2900 3931 spoliarent,

516 3930 733 3995 famae
794 3932 1293 4017 conjugatorum
1356 3929 1818 3995 decentissime
1877 3930 2333 4014 consulentes,
2395 3952 2480 3995 ne
2541 3929 2896 3996 concordia

517 4018 693 4083 inter
734 4038 847 4081 eos
892 4015 1231 4081 conciliari
1278 4017 1491 4102 pretio
1534 4016 1860 4097 videatur,
1905 4038 2076 4082 neve
2120 4019 2188 4082 in
2234 4026 2687 4105 paupertatem
2752 4038 2886 4080 me-

516 4101 644 4170 lior
688 4101 1025 4186 deciderit,
1071 4103 1486 4190 deteriorque
1531 4103 1731 4169 ditior
1771 4102 1959 4169 fierit.
2049 4102 2243 4170 Unde
2303 4113 2368 4171 et
2427 4124 2549 4168 nos
2595 4102 2890 4168 donatio-

518 4210 671 4255 nem
730 4191 903 4254 inter
964 4189 1281 4277 conjuges
1340 4191 1619 4275 penitus
1653 4189 2106 4277 reprobamus,
2152 4192 2279 4256 nisi
2325 4200 2486 4256 tunc
2525 4198 2737 4277 ,morte
2783 4188 2892 4277 do-

522 4276 771 4341 natoris
815 4276 1085 4343 donatio
1130 4276 1569 4343 confirmetur.
2573 4296 2582 4303 ·
