3150 5017
494 312 633 357 nm.
675 311 772 357 Π.
1446 295 1543 337 -“
1619 260 1770 353 412'
1833 321 1921 337 -

498 463 879 546 attulerunt,
927 484 1011 528 an
1058 462 1144 527 ad
1189 463 1596 546 interrogata
1640 482 1726 525 ex
1769 469 2064 546 tempore
2109 460 2570 528 verisimiliora
2605 483 2875 550 respon-

500 554 754 617 derunt.
804 550 1085 636 Insuper
1109 560 1261 614 sunt
1294 571 1523 614 omnes
1556 550 2088 612 circumstantiae
2111 550 2373 613 testium
2423 570 2572 615 cum
2619 572 2878 615 summa

498 636 841 723 diligentia
885 636 1337 723 inquirendae,
1386 658 1471 699 an
1496 636 1811 700 honestae
1857 643 1924 698 et
1965 635 2342 720 inculpatae
2368 637 2564 716 vitae,
2586 658 2670 700 an
2717 658 2874 702 vero

499 734 773 790 vocatus
837 728 984 809 quis
1045 733 1110 787 et
1170 721 1730 808 reprehensibilia,
1799 744 1882 785 an
1945 721 2240 808 locuples
2298 722 2406 787 vel
2467 744 2714 808 egenus
2775 726 2877 804 sit,

499 820 571 875 ut
614 810 1005 875 lucricausa
1028 809 1222 873 facile
1269 808 1429 895 quid
1473 808 1796 888 admittat,
1843 830 1928 890 an
1975 810 2282 873 inimicus
2329 811 2412 873 sit
2435 812 2600 897 ejus,
2647 810 2880 875 adver·

498 920 611 961 sus
656 918 850 982 quem
916 898 1363 962 testimonium
1426 895 1572 977 fert,
1639 894 1742 959 vel
1798 916 1883 958 an
1945 895 2196 959 amicus
2241 896 2386 979 ejus
2430 898 2535 977 sit,
2583 918 2701 983 pro
2749 917 2878 983 quo

497 985 945 1048 testimonium
1012 984 1161 1066 dat3
1230 1005 1381 1046 nam
1450 984 1509 1047 si
1564 991 1748 1047 caret
1808 981 2186 1067 suspicione
2247 984 2692 1048 testimonium
2770 982 2880 1049 vel

499 1080 763 1157 propter
810 1092 1182 1153 personam,
1230 1092 1269 1132 a
1315 1091 1445 1155 qua
1489 1068 1715 1144 fertur,
1761 1089 1839 1133 eo
1886 1068 2063 1154 quod
2085 1069 2362 1133 honesta
2407 1071 2510 1152 sit,
2558 1069 2663 1135 vel
2685 1090 2879 1157 prop-

496 1166 597 1221 ter
642 1178 929 1238 causam,
975 1178 1052 1222 eo
1101 1156 1277 1242 quod
1323 1177 1537 1241 neque
1607 1156 1772 1220 lucri
1839 1176 2053 1241 neque
2098 1156 2481 1221 inimicitiae
2527 1178 2728 1221 causa
2771 1160 2877 1238 sit,

498 1243 945 1308 admittendus
991 1253 1107 1308 est.

673 1333 734 1410 ἓ.
788 1328 883 1395 13.
977 1328 1109 1395 Sed
1154 1331 1359 1409 testis,
1405 1330 1517 1415 qui
1562 1328 1883 1393 adversus
1941 1326 2138 1393 fidem
2203 1350 2360 1394 suae
2405 1330 2881 1395 testificationis

502 1416 790 1493 vacillat,
836 1426 1181 1503 suspectus
1226 1426 1367 1495 est;
1414 1437 1539 1481 nec
1564 1418 1912 1503 quisquam
1959 1414 2084 1479 hoc
2129 1414 2384 1496 melius,
2429 1437 2627 1502 quam
2651 1445 2658 1450 ·
2665 1416 2881 1503 judex

500 1512 565 1568 et
599 1504 809 1587 jurati
857 1511 1131 1588 possunt
1175 1500 1540 1588 explorare,
1602 1523 1768 1588 quos
1813 1510 2070 1588 oportet
2115 1504 2292 1567 circa
2335 1510 2555 1579 testes,
2601 1511 2670 1569 et
2728 1503 2880 1584 alia,

499 1588 739 1675 quibus
787 1590 989 1654 animi
1035 1590 1138 1653 sui
1184 1598 1431 1653 motum
1477 1589 1852 1669 informent,
1898 1594 2137 1653 cuncta
2179 1590 2423 1653 rimari.

673 1680 732 1758 ξ.
787 1676 884 1739 14.
974 1675 1141 1740 Item
1190 1675 1413 1739 nullus
1459 1678 1643 1741 testis
1707 1678 1776 1740 in
1823 1696 2022 1741 causa
2081 1676 2349 1761 propria
2407 1697 2551 1741 esse
2663 1684 2873 1760 otest3

500 1772 565 1826 et
630 1762 849 1846 palam
910 1771 1011 1827 est
1056 1762 1235 1826 illam
1284 1784 1551 1827 causam
1597 1785 1742 1828 esse
1803 1762 2156 1849 propriam,
2223 1762 2414 1848 cujus
2473 1782 2619 1827 emo
2645 1782 2880 1827 umen·

502 1860 639 1912 tum
688 1858 752 1912 et
798 1869 965 1913 onus
1012 1847 1098 1913 ad
1145 1847 1331 1913 illum
1378 1850 1666 1935 pertinet
1713 1871 1831 1914 suo
1877 1849 2163 1913 nomine.

674 1938 733 2016 ξ.
788 1935 885 1999 15.
976 1935 1193 1999 Etiam
1262 1944 1464 2000 testes
1525 1935 1747 2001 idonei
1793 1957 1925 2002 non
1986 1934 2316 2015 videntur,
2379 1934 2636 2021 quibus
2665 1942 2882 2021 potest

498 2022 833 2107 imperari,
878 2030 951 2085 ut
995 2030 1194 2087 testes
1254 2022 1437 2103 fiant,
1506 2043 1584 2086 eo
1646 2022 1822 2108 quod
1880 2020 2054 2086 velle
2120 2023 2415 2107 ipsorum
2465 2043 2545 2086 ac
2587 2020 2767 2086 nolle
2811 2022 2879 2085 in

501 2108 717 2172 alieno
766 2108 1095 2192 dependet
1139 2107 1429 2172 arbitrio.

671 2196 725 2279 ξ.
778 2196 879 2259 16.
967 2193 1135 2258 Item
1198 2196 1670 2279 consanguinei
1732 2203 1798 2259 et
1859 2194 2094 2258 affines
2157 2214 2367 2280 usque
2430 2194 2516 2257 ad
2578 2195 2876 2278 quintum

500 2279 776 2365 gradum
825 2281 893 2344 in
939 2282 1312 2346 testimonio
1355 2292 1795 2346 removentur.

677 2370 735 2448 ξ.
787 2368 883 2431 17.
973 2368 1499 2433 Domesticorum
1570 2369 1769 2432 etiam
1815 2368 2262 2433 testimonium
2325 2373 2702 2454 suspectum
2763 2374 2879 2447 est,

502 2454 671 2518 sicut
730 2475 1066 2517 servorum
1132 2454 1321 2519 nobis
1382 2454 1558 2520 bona
1601 2453 1734 2519 fide
1779 2455 2227 2535 servientium,
2275 2462 2340 2519 et
2382 2452 2871 2540 inquilinorum,

502 2560 578 2603 ac
635 2539 911 2603 aliorum
962 2541 1153 2604 nobis
1199 2540 1657 2607 familiaritate
1703 2540 2007 2605 similiter
2052 2543 2582 2626 conjunctorum.

674 2629 734 2706 ξ.
785 2626 883 2691 18.
974 2626 1295 2691 Nolumus
1320 2628 1540 2709 etiam,
1588 2636 1661 2693 ut
1691 2626 2174 2710 valetudinarii,
2220 2648 2428 2710 senes,
2478 2634 2543 2691 et
2605 2624 2875 2706 debiles,

502 2721 568 2775 et
598 2720 983 2797 paupertate
1030 2711 1321 2798 depressi
1377 2714 1462 2778 ad
1497 2714 1830 2799 judicium
1877 2736 2080 2779 causa
2125 2714 2389 2779 dicendi
2434 2712 2876 2778 testimonium

502 2807 875 2874 evocentur,
942 2799 1061 2863 sed
1119 2821 1237 2884 pro
1306 2801 1428 2864 hac
1494 2822 1696 2865 causa
1764 2799 1845 2865 ad
1906 2802 2087 2886 ipsos
2153 2802 2497 2867 mittantur
2563 2818 2879 2885 personae

500 2885 776 2950 idoneae
823 2894 887 2949 et
934 2885 1275 2951 discretae.

674 2975 732 3052 ἓ.
785 2971 881 3035 19.
972 2971 1102 3037 Sed
1147 2972 1335 3037 illum
1381 2972 1648 3037 modum
1695 2974 1764 3037 in
1798 2972 2077 3039 dicendo
2121 2975 2570 3039 testimonium
2616 2973 2877 3059 penitus

502 3057 957 3142 reprobamus,
1004 3058 1255 3124 scilicet
1298 3068 1447 3123 eum
1498 3062 1748 3145 primus
1793 3060 1976 3125 testis
2023 3060 2280 3125 dixerat
2342 3082 2532 3125 suum
2593 3060 2877 3125 testimo-

501 3150 682 3207 nium
748 3144 899 3208 aliis
958 3144 1235 3209 testibus
1298 3144 1754 3231 praesentibus
1815 3168 1893 3209 ac
1951 3146 2474 3232 intelligentibus
2535 3146 2877 3224 universis,

504 3233 614 3315 qui
661 3240 819 3295 tunc
866 3232 1193 3313 dixerunt,
1242 3232 1489 3296 dictum
1535 3235 1730 3318 primi
1790 3234 1977 3297 testis
2022 3235 2313 3319 ipsorum
2361 3235 2556 3298 etiam
2603 3231 2876 3298 verbum

503 3338 667 3398 esse,
716 3316 967 3381 nullum
1016 3317 1197 3382 aliud
1243 3320 1688 3384 testimonium
1738 3318 2166 3405 proferentes,
2225 3321 2293 3383 in
2355 3342 2487 3384 non
2550 3320 2874 3383 modicum

501 3404 981 3488 praejudicium
1052 3405 1344 3489 veritati;
1413 3428 1564 3469 nam
1613 3408 2068 3493 unusquisque
2127 3409 2312 3471 testis
2373 3428 2489 3492 per
2549 3428 2618 3469 se
2663 3406 2872 3491 ipsum

493 3490 755 3574 juratus
802 3488 999 3554 debet
1061 3491 1279 3555 dicere
1342 3492 1423 3557 de
1482 3492 1602 3557 illa
1664 3514 1885 3572 causa,
1946 3494 2017 3558 in
2065 3513 2196 3578 qua
2239 3494 2428 3558 testis
2473 3490 2871 3579 producitur,

500 3597 618 3660 pro
662 3586 940 3662 utraque
985 3586 1170 3662 parte
1231 3578 1491 3664 plenam
1540 3587 1606 3643 et
1649 3600 2050 3662 expressam,
2111 3600 2305 3665 quam
2369 3579 2644 3655 noverit,
2708 3576 2866 3642 veri-

499 3671 718 3735 tatem,
764 3662 1101 3728 reddendo
1146 3664 1434 3749 perfecte
1479 3667 1797 3732 rationem
1846 3667 1947 3730 sui
1994 3664 2167 3730 dicti.

675 3752 735 3829 ἓ.
797 3750 899 3813 20.
988 3750 1150 3815 Pars
1208 3760 1423 3815 autem
1488 3761 1716 3815 contra
1775 3774 1969 3838 quam
2039 3749 2493 3838 producuntur
2555 3758 2778 3832 testes,
2822 3749 2873 3812 si

500 3833 803 3916 voluerit,
854 3838 1095 3920 poterit
1138 3839 1299 3922 ipsis
1347 3839 1682 3903 remittere
1716 3841 2189 3923 juramentum.

674 3926 734 4003 ἓ.
794 3924 899 3986 21.
991 3924 1069 3987 In
1119 3944 1510 4010 quacunque
1581 3947 1778 3989 causa
1847 3946 2158 3989 numerus
2203 3926 2468 3988 testium
2517 3946 2650 3989 non
2695 3924 2871 3988 addi·

501 4009 685 4089 citur,
735 4008 865 4072 duo
910 4017 1111 4073 testes
1159 4012 1513 4092 sufficiunt,
1577 4032 1728 4074 nam
1795 4011 2071 4096 pluralis
2137 4009 2380 4076 locutio
2429 4010 2706 4075 duorum
2753 4031 2870 4073 nu-

502 4116 682 4157 mero
729 4104 827 4159 est
873 4102 1202 4161 contenta.
