3150 5017
1512 235 1988 301 —184—

558 404 757 492 pleno
803 404 1074 491 capituli
1138 406 1243 470 sui
1302 404 1656 472 accedente
1723 427 2084 472 consensu:
2145 427 2267 471 nos
2329 406 2821 472 considerantes
2863 415 2922 470 ct

560 491 823 577 plenius
886 491 1332 576 advertentes,
1400 492 1577 578 quod
1638 491 1852 558 eidem
1913 492 2235 559 ecclesiae
2309 491 2734 558 Olomucensi
2792 512 2918 554 non

556 577 855 643 modicus
896 576 968 642 in
1010 576 1137 642 hec
1194 578 1367 642 facto
1429 577 1764 664 profectus
1823 587 1889 644 et
1945 577 2156 644 honor
2215 579 2564 655 accrescit,
2624 576 2920 663 quodque

558 663 863 728 dominus
944 663 1171 728 Bruno
1232 665 1581 751 episcopus
1641 673 1776 730 tam
1833 686 1957 817 ger
2028 665 2423 731 industriam
2483 685 2672 729 suam
2733 684 2920 749 quam

554 771 677 834 per
735 757 1031 816 nostram
1092 752 1289 814 etiam
1350 750 1768 836 largitionem
1896 749 2263 818 lomucensi
2325 750 2646 817 ecclesiae
2705 787 2790 798 —-
2845 785 2924 796 ——-

555 833 963 919 temporibus
1006 837 1143 900 suis
1185 834 1363 900 bona
1407 837 1698 924 plurima
1741 838 2155 922 conquisivit,
2201 837 2369 902 tales.
2413 839 2610 904 etiam
2659 836 2772 922 qui
2815 836 2922 897 mi-

553 920 773 986 litaria
816 921 1007 986 nobis
1051 931 1386 1009 praestent
1430 922 1768 1009 obsequia,
1829 944 1948 1009 pro
1995 923 2380 990 defensione
2425 933 2749 989 terrarum
2808 941 2919 984 no-

552 1015 837 1072 strarum
898 1016 963 1074 et
1024 1007 1111 1073 ad
1168 1008 1608 1076 resistendum
1685 1008 2081 1092 adversariis
2139 1009 2414 1091 nostris,
2481 1017 2556 1072 ut
2615 1007 2917 1092 temporis

552 1092 845 1158 conditio
905 1094 1272 1179 praesentis
1337 1096 1656 1198 exposcit,
1715 1095 2016 1162 volentes
2096 1094 2339 1161 habere
2399 1095 2740 1159 mansione
2801 1100 2919 1156 sta·

551 1177 672 1243 bili
715 1178 891 1244 infra
934 1178 1207 1245 dominii
1250 1189 1457 1247 nostri
1498 1190 1659 1262 rete,
1704 1201 2092 1246 consensum
2137 1191 2432 1247 nostrum
2491 1201 2690 1263 super
2729 1178 2921 1243 infeo-

556 1263 937 1332 dationibus
1002 1265 1381 1350 hujusmodi
1462 1263 1920 1333 favorabiliter
1977 1277 2042 1333 et
2099 1265 2464 1332 liberaliter
2523 1263 2920 1333 adhibemus.

725 1349 814 1415 Et
880 1359 953 1416 ut
1000 1352 1289 1439 'praefati
1335 1351 1574 1418 milites
1621 1374 1699 1416 ac
1757 1351 2007 1436 famuli,
2070 1374 2328 1418 necnon
2389 1360 2455 1418 et
2513 1349 2787 1418 heredes
2831 1349 2921 1414 sui

559 1435 881 1502 dictorum
925 1435 1293 1521 feodorum,
1354 1449 1549 1524 prout
1608 1441 1681 1505 in
1741 1438 2112 1526 privilegiis
2180 1439 2478 1525 episcopi
2539 1446 2606 1505 et
2663 1432 2923 1522 capituli

556 1522 1033 1606 Olomucensis,
1096 1524 1226 1593 sibi
1272 1526 1625 1609 concessis,
1670 1524 1931 1612 plenius
1990 1534 2088 1590 est
2133 1544 2531 1613 expressum,
2591 1521 2813 1591 stabili
2867 1528 2924 1584 et

602 1617 877 1694 erpetua
919 1610 1253 1694 gaudeant
1309 1609 1633 1688 firmitate,
1693 1611 1951 1699 ipsique
1995 1619 2060 1676 et
2103 1632 2330 1678 eorum
2395 1611 2664 1697 posteri,
2705 1610 2820 1694 qui
2859 1608 2922 1670 in

552 1631 747 1759 bonis
790 1695 1041 1762 eisdem
1075 1695 1443 1762 feodalibus
1488 1696 1571 1762 de
1605 1698 1758 1783 jure
1805 1699 2260 1777 successerint,
2307 1699 2622 1782 episcopo
2661 1697 2773 1780 qui
2815 1713 2922 1778 pro

552 1787 851 1866 tempore
895 1780 1091 1846 fuerit
1149 1791 1213 1847 et
1279 1782 1600 1850 ecclesiae
1659 1782 2084 1849 Olomucensi
2145 1781 2302 1847 obse
2352 1784 2479 1849 uiis
2541 1779 2924 1845 militaribus

603 1875 891 1952 erpetuo
932 1868 1063 1932 sint
1106 1869 1389 1935 astricti:
1436 1891 1555 1936 nos
1601 1869 1989 1956 adjicientes
2057 1869 2292 1935 celsitu
2343 1870 2471 1934 inis
2529 1875 2792 1932 nostrae
2829 1885 2919 1929 ro-

601 1975 697 2034 ur,
745 1953 922 2039 quod
978 1975 1098 2040 per
1153 1954 1439 2020 eundem
1482 1955 1821 2022 dominum
1865 1957 2244 2022 Brunonem
2289 1957 2671 2044 episcopum
2725 1961 2789 2020 et
2829 1973 2920 2016 ca-

554 2039 837 2124 pitulum
902 2061 1093 2106 suum
1160 2041 1231 2104 in
1297 2040 1423 2108 hac
1484 2050 1672 2128 parte
1731 2041 1979 2108 factum
2023 2049 2148 2124 est,
2205 2051 2424 2108 ratum
2491 2039 2808 2106 habentes
2865 2043 2921 2102 et

552 2125 834 2208 firmum,
876 2125 949 2190 id
989 2134 1317 2213 potestate
1357 2131 1541 2212 regia
1585 2128 2066 2210 confirmamus,
2100 2127 2474 2193 inhibentes
2518 2126 2808 2190 districte
2849 2143 2917 2186 ac

557 2211 836 2277 firmiter
912 2233 1000 2277 ex
1064 2221 1327 2279 nostrae
1394 2213 1806 2300 plenitudine
1874 2216 2254 2300 potestatis,
2317 2235 2402 2279 ne
2519 2213 2621 2276 uis
2690 2210 2916 2276 dictam

553 2296 1067 2362 infeodationem
1112 2299 1221 2384 pie
1262 2321 1342 2365 ac
1384 2299 1661 2387 provide
1704 2298 1965 2383 factam,
2009 2309 2387 2387 praesumat
2417 2235 2793 2382 iniring'ere,
2827 2293 2918 2360 vel

556 2383 618 2449 ei
662 2382 1037 2469 aliqualiter
1080 2386 1427 2451 contraire.
1516 2386 1592 2453 Si
1638 2389 1784 2473 quis
1831 2395 2046 2452 autem
2105 2387 2230 2452 hoc
2295 2394 2687 2470 attemptare
2750 2399 2916 2468 prae·

556 2470 925 2554 sumpserit,
954 2468 1476 2554 indignationem
1499 2473 1746 2558 regiam
1793 2493 1864 2538 se
1887 2474 2145 2538 noverit
2165 2473 2458 2557 graviter
2500 2473 2914 2535 incursurum.

655 2554 669 2566 '
732 2555 977 2620 Datum
1023 2555 1275 2642 Pragae
1320 2580 1440 2644 per
1482 2580 1752 2624 manum
1797 2560 2094 2646 magistri
2139 2559 2319 2624 Petri
2367 2553 2916 2641 wissegradensis

558 2641 941 2726 praepositi,
985 2643 1174 2726 regni
1218 2644 1451 2710 nostrii
1512 2645 1908 2712 cancellarii.
1992 2645 2189 2710 Anno
2247 2643 2526 2710 Domini
2583 2640 2916 2706 Millesimo

562 2724 1007 2793 ducentesimo
1052 2727 1405 2796 LXXIIII.
1449 2731 1569 2796 VI.
1615 2731 1775 2796 Idus
1819 2731 1860 2796 J
1865 2732 2140 2808 anuarii,
2203 2729 2574 2801 Indictiene
2621 2723 2911 2794 secunda.

1703 3039 1804 3103 65.

508 3207 513 3212 ’
562 3171 1082 3277 Privilogium
1135 3173 1788 3258 Theutonicorum
1840 3174 2357 3279 Pragensium
2387 3177 2922 3292 confirmatum·

1484 3316 1672 3394 1274,
1719 3312 1823 3381 26.
1869 3311 2037 3382 Nov.

768 3465 1049 3531 Regnante
1082 3465 1390 3532 Premyslao
1430 3466 1662 3518 Otacaro
1699 3467 1771 3518 ΙΙ.
1807 3467 2257 3520 Theutonicorum
2294 3470 2384 3534 qui
2419 3470 2628 3536 Pragae
2664 3470 2923 3538 degebant,

566 3549 819 3586 numerus
852 3535 1009 3585 novis
1042 3534 1267 3586 advenis
1300 3541 1491 3586 auctus
1526 3540 1625 3598 est,
1661 3537 1861 3601 quippe
1896 3551 2058 3602 quum
2093 3554 2187 3588 rex
2222 3537 2394 3588 dictus
2429 3553 2574 3588 anno
2597 3540 2730 3591 1257
2749 3553 2924 3590 novam

564 3605 838 3656 civitatem
870 3603 932 3654 in
966 3603 1221 3654 suburbio
1256 3603 1326 3656 ad
1360 3606 1534 3670 ripam
1568 3605 1846 3656 sinistram
1879 3606 2057 3671 posito
2092 3605 2350 3672 condidit,
2387 3607 2486 3657 ubi
2503 3609 2714 3674 antiqui
2735 3608 2923 3660 incolae

562 3672 790 3726 nohemi
822 3673 980 3724 novis
1015 3671 1220 3724 colonis
1256 3672 1441 3724 cedere
1476 3675 1652 3727 coacti
1686 3679 1809 3725 sunt
1863 3675 2121 3740 (Premysl
2180 3676 2427 3726 dominus
2476 3678 2630 3742 regni
2682 3677 2922 3728 Bohemo-

561 3757 681 3793 rum
700 3741 853 3794 tertio
872 3756 1018 3792 anno
1056 3742 1139 3791 sui
1173 3741 1395 3793 ducatus
1435 3743 1570 3794 1257
1607 3744 1665 3792 in
1703 3743 1963 3809 principio
1999 3745 2138 3795 veris
2173 3743 2381 3810 pepulit
2413 3745 2682 3796 Bohemos
2717 3745 2780 3796 de
2815 3745 2922 3795 sub·

562 3811 718 3862 urbio
765 3814 821 3862 et
853 3810 1055 3862 locavit
1095 3810 1443 3877 alienigenas.
1497 3811 1674 3863 Gosm.
1713 3811 1912 3878 Com.)-
1971 3813 2219 3864 Castrum
2255 3815 2524 3879 Pragense
2559 3815 2787 3865 munivit
2817 3811 2922 3864 dili-

566 3884 751 3946 genter
786 3884 839 3932 et
873 3879 1143 3930 civitatem
1180 3880 1341 3931 etiam
1376 3882 1637 3932 minorem
1673 3881 1998 3946 Pragensem
2043 3885 2208 3934 muris
2245 3887 2300 3934 et
2333 3883 2548 3933 fossatis
2583 3883 2836 3934 firmando
2867 3879 2924 3932 ad

566 3949 741 4012 ipsum
776 3953 1009 4000 castrum
1042 3949 1383 4001 continuavit
1420 3949 1678 4016 (Frena).
1716 3950 1885 4002 Areae
1923 3953 2232 4002 monasterii
2261 3951 2314 4002 S.
2345 3952 2564 4016 Georgii
2599 3954 2658 4002 in
2695 3951 2924 4002 suburbio

568 4017 826 4082 Pragensi
860 4019 1014 4080 sitae,
1052 4032 1173 4068 cum
1207 4033 1349 4070 nova
1384 4020 1575 4070 civitas
1610 4019 1940 4084 plantaretur
1959 4057 1974 4085 ,
2010 4036 2107 4086 per
2140 4022 2284 4072 cives
2321 4020 2562 4085 ejusdem
2599 4022 2826 4072 civitatis
2856 4020 2922 4068 in·

571 4083 742 4136 debite
774 4086 993 4136 fuerant
1027 4091 1313 4152 occupatae
1349 4086 1516 4154 (Dipl.
1556 4087 1755 4154 1262).

772 4154 985 4208 Civitas
1021 4155 1156 4207 haec
1201 4158 1372 4224 primo
1422 4172 1594 4219 „nova
1630 4157 1819 4208 civitas
1868 4158 1967 4209 sub
2013 4163 2188 4208 castro
2235 4158 2524 4223 Pragensi“
2576 4157 2923 4225 appellabatur

581 4221 990 4288 (1262-1310),
1025 4229 1215 4289 postea
1244 4225 1459 4278 demum
1495 4241 1694 4278 nomen
1731 4223 1984 4290 „minoris
2019 4227 2286 4280 civitatis“
2322 4227 2628 4278 increbruit.
2699 4227 2772 4279 Ut
2785 4229 2923 4276 testa·
