3150 5017
1242 304 1717 375 ...Μ-

290 474 647 560 ,burgensis
672 473 989 544 ecclesiae
1007 472 1539 563 archiepiscopus
1585 475 1826 545 dictam
1867 485 2110 547 terram
2155 498 2271 543 seu
2309 474 2666 551 marchiam

305 584 455 627 cum
515 561 817 628 omnibus
882 570 949 627 et
1014 563 1111 626 sin
1208 560 1291 627 lis
1357 564 1876 649 praenominatis
1935 563 2128 632 nobis
2193 564 2262 628 in
2332 584 2560 632 verum
2604 570 2672 628 et

290 649 549 736 justum
594 658 663 715 et
701 648 1093 719 ‚rationabile
1116 584 1389 722 {gildam
1433 648 1911 722 rationabiliter
1953 650 2252 719 contulit.
2293 649 2483 719 Idem
2531 648 2667 715 feu-

305 735 464 804 dum
506 758 625 804 seu
660 737 775 821 jus
826 734 1089 807 feudale
1134 736 1317 803 utilis
1362 738 1657 822 dominii,
1749 738 1882 805 uod
1920 738 2014 808 ad
2035 760 2158 806 nos
2175 756 2358 813 nunc
2379 734 2667 828 ,dignos-

306 825 477 891 citur
514 826 871 915 pertinere„
905 845 991 892 ex
1033 832 1193 892 tunc
1250 822 1336 889 ad
1392 826 1674 892 eundem
1765 827 2054 897 ominum
2101 822 2559 894 Burchardum
2604 831 2672 897 et

304 911 515 997 ipsius
559 908 905 979 eeclesiam
950 908 1593 997 Magdeburgensem
1651 911 1860 979 libere
1921 911 2330 993 devolvetur,
2377 918 2453 989 ut
2495 908 2668 977 idem

306 998 609 1065 dominus
652 996 1075 1066 Burchardus
1115 996 1650 1087 archiepiscopus
1680 1008 1748 1065 et
1790 1021 1910 1067 sua
1953 999 2238 1073 eeclesia
2279 1007 2526 1071 terram
2548 1018 2670 1065 seu

304 1085 667 1153 marchiam
696 1083 1103 1173 praedictam
1148 1106 1302 1153 cum
1344 1086 1908 1169 ministerialibus,
1969 1084 2260 1167 vasallis,
2319 1084 2668 1171 mancipiis

304 1192 386 1239 ac
426 1171 733 1241 omnibus
768 1170 1029 1261 juribus
1074 1181 1145 1239 et
1184 1174 1600 1260 pertinentiis
1645 1175 1781 1240 suis
1827 1195 2025 1261 supra
2070 1173 2444 1251 nominatis,
2488 1172 2668 1240 omni

306 1258 1107 1425 ῗιῗὲῗὲἒῗέῗοῖἶῗῖἱὲἰ
1164 1258 1409 1434 3332?
1463 1260 1942 1416 ‘tsssss‘ssssszti
1996 1282 2222 1418 1322„
2223 1258 2670 1434 οζῖωμῖῗέἓέ

305 1504 307 1507 ,
350 1433 502 1502 leno
550 1435 737 1519 jure3
776 1455 868 1503 ex
925 1444 1085 1503 tunc
1128 1437 1327 1505 etiam
1386 1370 1874 1520 ministeriales,
1923 1394 2188 1519 ’vasella
2215 1434 2564 1522 ‘mancipia
2607 1394 2672 1501 et

348 1522 609 1587 omines
668 1521 1123 1608 cuiuscunque
1178 1522 1582 1591 conditionis
1639 1524 1931 1594 existant
1994 1523 2064 1591 in
2109 1523 2237 1592 ista
2278 1530 2453 1594 terra
2493 1520 2674 1589 dicta
2802 1598 2806 1603 ,

304 1628 425 1675 seu
467 1607 759 1681 marchia
800 1617 1297 1694 commorantes,
1340 1610 1718 1683 immediate
1775 1610 1862 1679 ad
1906 1610 2188 1682 eundem
2231 1608 2670 1697 archiepisco-

305 1714 463 1784 pum
521 1696 860 1783 ipsiusque
926 1695 1277 1767 ecclesiam
1340 1696 1783 1785 pertinebunt.
1869 1698 1982 1767 Ex
2048 1696 2286 1785 quibus
2341 1693 2672 1784 siquidem

307 1782 849 1852 ministerialibus
894 1790 961 1849 et
1005 1782 1272 1851 vasallis
1314 1783 1620 1857 nonnulli
1673 1787 1805 1872 ipsi
1865 1784 2130 1853 domino
2173 1784 2668 1871 archiepiscopo

283 1871 573 1939 ‘nomine
618 1891 775 1943 suae
819 1870 1137 1953 ecclesiae
1172 1872 1314 1959 j-am
1357 1870 1736 1958 homagium
1781 1873 2273 1960 praestiterunt.
2323 1922 2330 1927 .

477 1958 673 2034 Item,
704 1957 1161 2045 praesentibus
1220 1966 1656 2045 protestamur
1697 1968 1768 2027 et
1821 1960 1998 2025 bona
2040 1958 2170 2027 fide
2213 1958 2670 2047 promittimus,

303 2043 485 2133 quod
538 2045 731 2123 bona,
768 2044 921 2130 jura
976 2042 1283 2131 feudalia,
1340 2045 1684 2118 infeudata
1741 2054 1809 2113 et
1867 2068 1998 2115 non
2057 2046 2398 2119 infeudata
2457 2053 2670 2121 terrac

306 2153 425 2199 seu
484 2132 811 2205 marchiae
871 2132 1243 2217 praedictae
1291 2134 1654 2219 ¹praedicto
1729 2133 1996 2201 domino
2055 2133 2548 2219 archiepiscopo
2608 2139 2675 2195 et

304 2220 515 2306 ipsius
556 2218 876 2285 ecclesiae
940 2242 981 2285 a
1044 2217 1240 2285 nobis.
1304 2220 1574 2287 vendita
1639 2231 1705 2289 et
1762 2224 2096 2307 resignata
2154 2229 2219 2287 et
2279 2240 2396 2306 per
2435 2238 2559 2285 nos
2603 2219 2672 2291 in

304 2308 525 2393 ipsum
584 2305 923 2389 translata,
956 2306 1203 2393 absque
1250 2308 1429 2376 omni
1476 2306 1628 2373 dolo
1675 2316 1740 2375 et
1783 2308 2016 2376 fraude
2058 2306 2450 2388 tenebimus,
2502 2324 2672 2391 quae

304 2391 631 2481 siquidem
673 2392 850 2460 bona
890 2391 1071 2460 idem
1126 2394 1433 2462 dominus
1491 2394 1894 2482 archiepisco
1941 2416 2022 2461 us
2069 2396 2211 2481 jam
2258 2391 2563 2461 fidelibus
2606 2400 2672 2457 et

308 2479 852 2549 ministerialibus
911 2502 1069 2549 suae
1125 2480 1720 2569 Magdeburgensis
1792 2504 1906 2550 ecc
1935 2483 2112 2550 esiae
2171 2478 2422 2547 feudali
2478 2476 2670 2546 titulo

308 2566 587 2634 contulit
628 2589 789 2637 suae
831 2566 1147 2638 ecclesiae
1204 2568 1625 2657 possidenda.
1713 2568 2161 2657 Principatum
2205 2589 2361 2635 vero
2407 2566 2670 2634 domino

306 2656 751 2721 Romanorum
826 2656 965 2741 regi
1022 2656 1113 2722 ad
1170 2677 1404 2726 manus
1466 2656 1786 2743 praedicti
1829 2656 2322 2742 archiepiscopi
2381 2662 2450 2721 et
2505 2673 2667 2721 suae

309 2742 627 2809 ecclesiae
670 2740 1169 2828 assignabimus,
1214 2764 1365 2811 cum
1406 2742 1493 2811 ab
1553 2743 1786 2810 eodem
1849 2744 2112 2809 domino
2177 2741 2673 2827 archiepiscopo

308 2838 425 2895 aut
466 2851 509 2894 a
546 2850 671 2895 suo
712 2850 1091 2897 successore
1134 2828 1452 2897 fuerimus
1508 2831 1826 2918 requisiti.
1915 2830 2128 2911 Quem
2187 2827 2450 2914 quiden
2496 2830 2670 2913 prin-

308 2919 597 3005 cipatum
642 2916 1172 3003 praenominatus
1216 2916 1519 2989 dominus
1564 2916 2096 3003 archiepiscopus
2164 2923 2278 2979 aut
2321 2936 2480 2981 suus
2521 2934 2670 2991 suc-

308 3025 531 3071 cessor
573 3005 764 3072 nobis
808 3004 1099 3074 conferet
1142 3012 1207 3070 et
1271 3001 1569 3074 conferre
1613 3003 1976 3078 tenebitur,
2019 3011 2232 3089 prout·
2261 3000 2670 3089 principatus

312 3090 595 3160 conferri
642 3092 1087 3179 principaliter
1130 3101 1632 3161 consueverunt.

480 3178 765 3266 Insuper
806 3180 1339 3264 recognoscimus
1382 3200 1501 3266 per
1544 3185 1924 3266 praesentes
1967 3185 2036 3243 et
2063 3196 2185 3246 nos
2215 3172 2672 3263 praesentibus

308 3265 711 3353 obligamus:
744 3287 878 3333 nos
920 3275 1381 3353 procuraturos
1404 3274 1471 3332 et
1512 3266 1824 3342 facturos,
1867 3262 2048 3351 quod
2091 3263 2398 3331 dominus
2436 3261 2673 3329 -Alber-

308 3362 417 3419 tus
462 3354 741 3423 dilectus
773 3361 973 3440 pater
1014 3362 1238 3421 noster
1280 3361 1348 3419 et
1386 3354 1696 3425 dominus
1736 3352 2122 3420 Fridericus
2158 3350 2438 3417 dilectus
2469 3350 2674 3418 frater

310 3448 534 3509 noster
590 3434 979 3519 venditioni,
1035 3440 1371 3509 donationi
1430 3442 1903 3526 proprietatum
1960 3446 2028 3506 et
2069 3438 2406 3506 traditioni
2449 3436 2664 3524 hujus-

310 3526 491 3596 modi
531 3550 721 3596 suum
773 3545 1168 3597 consensum
1230 3525 1638 3594 adhibebunt
1695 3526 1974 3598 liberum
2031 3533 2103 3593 et
2155 3546 2562 3611 expressum,
2609 3530 2677 3589 et

310 3614 780 3699 ven-ditionem,
840 3615 1261 3685 donationem
1336 3622 1403 3681 et
1464 3614 1885 3681 traditionem
1961 3610 2330 3697 praedictas
2386 3634 2429 3679 a
2483 3610 2674 3677 nobis
2799 3615 2811 3621 “

310 3712 533 3789 gratas
575 3712 641 3770 et
685 3702 893 3769 factas
938 3701 1276 3771 habebunt
1338 3698 1613 3770 firmiter
1669 3709 1866 3777 ratas,
1904 3700 2005 3766 ita
2057 3700 2240 3786 quod
2299 3698 2673 3786 praedictus

318 3790 623 3857 dominus
666 3788 980 3857 Albertus
1012 3798 1200 3877 pater
1240 3797 1464 3855 noster
1504 3787 1679 3855 infra
1721 3786 1878 3871 hine
1897 3796 1965 3856 et
1985 3789 2359 3874 proximum
2404 3794 2673 3854 exstans

194 3904 205 3915 f
312 3877 551 3943 festum
594 3876 849 3945 Natalis
910 3876 1187 3951 Domini.
1226 3897 1383 3945 suas
1486 3882 1742 3943 etentes
1799 3874 2025 3943 literas
2068 3874 2278 3961 ipsius
2322 3872 2538 3959 sigillo
2584 3874 2670 3939 si.-

308 3963 571 4051 gillatas
629 3984 1025 4036 eonsensum
1080 3972 1153 4031 et
1172 4002 1184 4011 -
1204 3963 1451 4032 ratisha
1498 3964 1795 4035 itionem,
1825 3961 2206 4049 huJusm⁸odi
2263 3962 2675 4029 continentes
2733 4000 2739 4012 ·

315 4074 431 4138 per
458 4050 971 4135 ministerialem,
1000 4052 1115 4139 qui
1144 4051 1503 4137 vulgariter
1540 4050 1915 4202 appellatur
1957 4048 2394 4133 Jungebarer·
2413 4048 2672 4116 denect-

296 4160 548 4221 ,mann‚
614 4146 839 4226 utpote
910 4160 1031 4225 per
1088 4139 1501 4225 pincernam,
1630 4137 1984 4225 apiferum,
2066 4137 2494 4203 camerarium
2560 4144 2675 4202 aut

314 4226 791 4293 marschaloum
834 4226 1063 4311 ipsius,
1108 4225 1319 4293 eidem
1364 4224 1629 4293 domino
1653 4222 2162 4309 archispiscopo
2209 4230 2322 4288 aut
2367 4242 2526 4289 suae
2567 4244 2669 4288 ec·

316 4312 553 4379 desiae
620 4311 991 4379 destinabit.
1078 4310 1227 4379 Hoc
1290 4310 1471 4377 idem
1520 4312 1732 4379 ‘etiam
1795 4307 1993 4375 faciet
2061 4320 2126 4375 et
2185 4307 2415 4379 eodem
2474 4308 2670 4375 modo
