<?xml version="1.0" encoding="UTF-8"?>
<!DOCTYPE html PUBLIC "-//W3C//DTD XHTML 1.0 Transitional//EN"
    "http://www.w3.org/TR/xhtml1/DTD/xhtml1-transitional.dtd">
<html xmlns="http://www.w3.org/1999/xhtml" xml:lang="en" lang="en">
 <head>
  <title>
</title>
<meta http-equiv="Content-Type" content="text/html;charset=utf-8" />
  <meta name='ocr-system' content='tesseract 3.04.00' />
  <meta name='ocr-capabilities' content='ocr_page ocr_carea ocr_par ocr_line ocrx_word'/>
</head>
<body>
  <div class='ocr_page' id='page_1' title='image "./codexjurisbohem01unkngoog_0063.png"; bbox 0 0 3150 5017; ppageno 0'>
   <div class='ocr_carea' id='block_1_1' title="bbox 1243 297 1679 364">
    <p class='ocr_par' dir='ltr' id='par_1_1' title="bbox 1243 297 1679 364">
     <span class='ocr_line' id='line_1_1' title="bbox 1243 297 1679 364; baseline 0.011 -18"><span class='ocrx_word' id='word_1_1' title='bbox 1243 297 1679 364; x_wconf 67' lang='lat'><strong>...53-</strong></span> 
     </span>
    </p>
   </div>
   <div class='ocr_carea' id='block_1_2' title="bbox 224 457 2751 3610">
    <p class='ocr_par' dir='ltr' id='par_1_2' title="bbox 261 457 2751 817">
     <span class='ocr_line' id='line_1_2' title="bbox 263 457 2747 560; baseline 0.006 -26"><span class='ocrx_word' id='word_1_2' title='bbox 263 477 552 536; x_wconf 73' lang='lat' dir='ltr'><strong>atrorum</strong></span> <span class='ocrx_word' id='word_1_3' title='bbox 594 469 704 536; x_wconf 65' lang='lat' dir='ltr'><strong>vel</strong></span> <span class='ocrx_word' id='word_1_4' title='bbox 748 469 1206 542; x_wconf 76' lang='lat' dir='ltr'><strong>beneficiarios</strong></span> <span class='ocrx_word' id='word_1_5' title='bbox 1260 479 1530 542; x_wconf 33' lang='lat' dir='ltr'><strong>nostros.</strong></span> <span class='ocrx_word' id='word_1_6' title='bbox 1565 497 1609 542; x_wconf 84' lang='lat' dir='ltr'><strong>a</strong></span> <span class='ocrx_word' id='word_1_7' title='bbox 1652 474 1843 542; x_wconf 88' lang='lat' dir='ltr'><strong>nobis</strong></span> <span class='ocrx_word' id='word_1_8' title='bbox 1888 471 2286 560; x_wconf 75' lang='lat' dir='ltr'><strong>infeudatos,</strong></span> <span class='ocrx_word' id='word_1_9' title='bbox 2332 477 2393 541; x_wconf 90' lang='lat' dir='ltr'><strong>ei</strong></span> <span class='ocrx_word' id='word_1_10' title='bbox 2437 478 2653 544; x_wconf 90' lang='lat' dir='ltr'><strong>remit·</strong></span> <span class='ocrx_word' id='word_1_11' title='bbox 2742 457 2747 549; x_wconf 64' lang='grc' dir='ltr'><strong>ἶ</strong></span> 
     </span>
     <span class='ocr_line' id='line_1_3' title="bbox 263 557 2749 646; baseline 0.006 -26"><span class='ocrx_word' id='word_1_12' title='bbox 263 557 488 640; x_wconf 87' lang='lat' dir='ltr'><strong>timus,</strong></span> <span class='ocrx_word' id='word_1_13' title='bbox 534 565 606 622; x_wconf 90' lang='lat' dir='ltr'><strong>ut</strong></span> <span class='ocrx_word' id='word_1_14' title='bbox 695 557 848 624; x_wconf 90' lang='lat' dir='ltr'><strong>lena</strong></span> <span class='ocrx_word' id='word_1_15' title='bbox 889 567 957 624; x_wconf 88' lang='lat' dir='ltr'><strong>et</strong></span> <span class='ocrx_word' id='word_1_16' title='bbox 997 559 1290 645; x_wconf 86' lang='lat' dir='ltr'><strong>perfecta</strong></span> <span class='ocrx_word' id='word_1_17' title='bbox 1333 559 1619 646; x_wconf 77' lang='lat' dir='ltr'><strong>gaudeat</strong></span> <span class='ocrx_word' id='word_1_18' title='bbox 1680 559 2015 645; x_wconf 85' lang='lat' dir='ltr'><strong>libertate,</strong></span> <span class='ocrx_word' id='word_1_19' title='bbox 2059 571 2127 632; x_wconf 86' lang='lat' dir='ltr'><strong>et</strong></span> <span class='ocrx_word' id='word_1_20' title='bbox 2168 569 2247 628; x_wconf 90' lang='lat' dir='ltr'><strong>ut</strong></span> <span class='ocrx_word' id='word_1_21' title='bbox 2288 560 2507 630; x_wconf 87' lang='lat' dir='ltr'><strong>nullus</strong></span> <span class='ocrx_word' id='word_1_22' title='bbox 2530 563 2647 640; x_wconf 61' lang='lat' dir='ltr'><strong>,eis</strong></span> <span class='ocrx_word' id='word_1_23' title='bbox 2741 562 2749 634; x_wconf 78' lang='grc' dir='ltr'><strong><em>ἐ</em></strong></span> 
     </span>
     <span class='ocr_line' id='line_1_4' title="bbox 263 642 2751 779; baseline 0.003 -70"><span class='ocrx_word' id='word_1_24' title='bbox 263 664 478 748; x_wconf 69' lang='lat' dir='ltr'><strong>novas</strong></span> <span class='ocrx_word' id='word_1_25' title='bbox 519 665 642 710; x_wconf 90' lang='lat' dir='ltr'><strong>con</strong></span> <span class='ocrx_word' id='word_1_26' title='bbox 694 645 928 711; x_wconf 85' lang='lat' dir='ltr'><strong>‘tiones</strong></span> <span class='ocrx_word' id='word_1_27' title='bbox 974 655 1202 714; x_wconf 91' lang='lat' dir='ltr'><strong>contra</strong></span> <span class='ocrx_word' id='word_1_28' title='bbox 1244 657 1482 714; x_wconf 85' lang='lat' dir='ltr'><strong>nostra·</strong></span> <span class='ocrx_word' id='word_1_29' title='bbox 1529 657 1771 714; x_wconf 84' lang='lat' dir='ltr'><strong>statuta</strong></span> <span class='ocrx_word' id='word_1_30' title='bbox 1838 649 2081 717; x_wconf 84' lang='lat' dir='ltr'><strong>audeat</strong></span> <span class='ocrx_word' id='word_1_31' title='bbox 2140 651 2477 742; x_wconf 79' lang='lat' dir='ltr'><strong>imponere</strong></span> <span class='ocrx_word' id='word_1_32' title='bbox 2539 650 2647 717; x_wconf 84' lang='lat' dir='ltr'><strong>vel</strong></span> <span class='ocrx_word' id='word_1_33' title='bbox 2738 642 2751 779; x_wconf 56' lang='lat' dir='ltr'><strong><em>J</em></strong></span> 
     </span>
     <span class='ocr_line' id='line_1_5' title="bbox 261 740 920 817; baseline -0.003 -19"><span class='ocrx_word' id='word_1_34' title='bbox 261 753 414 817; x_wconf 62' lang='lat' dir='ltr'><strong>ejus</strong></span> <span class='ocrx_word' id='word_1_35' title='bbox 456 753 606 815; x_wconf 65' lang='lat' dir='ltr'><strong>lura</strong></span> <span class='ocrx_word' id='word_1_36' title='bbox 647 740 920 817; x_wconf 82' lang='lat' dir='ltr'><strong>mutare.</strong></span> 
     </span>
    </p>

    <p class='ocr_par' dir='ltr' id='par_1_3' title="bbox 245 816 2739 1410">
     <span class='ocr_line' id='line_1_6' title="bbox 440 816 2739 904; baseline 0.003 -20"><span class='ocrx_word' id='word_1_37' title='bbox 440 819 502 884; x_wconf 83' lang='lat'><strong>7.</strong></span> <span class='ocrx_word' id='word_1_38' title='bbox 548 817 910 885; x_wconf 88' lang='lat' dir='ltr'><strong>Statuimus</strong></span> <span class='ocrx_word' id='word_1_39' title='bbox 955 823 1172 904; x_wconf 89' lang='lat' dir='ltr'><strong>etiam,</strong></span> <span class='ocrx_word' id='word_1_40' title='bbox 1219 829 1291 888; x_wconf 91' lang='lat' dir='ltr'><strong>ut</strong></span> <span class='ocrx_word' id='word_1_41' title='bbox 1335 820 1558 888; x_wconf 89' lang='lat' dir='ltr'><strong>nullus</strong></span> <span class='ocrx_word' id='word_1_42' title='bbox 1584 823 1981 890; x_wconf 86' lang='lat' dir='ltr'><strong>camerarius</strong></span> <span class='ocrx_word' id='word_1_43' title='bbox 2026 824 2227 890; x_wconf 79' lang='lat' dir='ltr'><strong>intret</strong></span> <span class='ocrx_word' id='word_1_44' title='bbox 2270 821 2465 889; x_wconf 82' lang='lat' dir='ltr'><strong>villas</strong></span> <span class='ocrx_word' id='word_1_45' title='bbox 2508 847 2647 892; x_wconf 86' lang='lat' dir='ltr'><strong>mo·</strong></span> <span class='ocrx_word' id='word_1_46' title='bbox 2727 816 2739 873; x_wconf 79' lang='lat'><strong>·&#39;&#39;</strong></span> 
     </span>
     <span class='ocr_line' id='line_1_7' title="bbox 259 904 2729 998; baseline 0.004 -30"><span class='ocrx_word' id='word_1_47' title='bbox 259 906 536 970; x_wconf 84' lang='lat' dir='ltr'><strong>nasterii</strong></span> <span class='ocrx_word' id='word_1_48' title='bbox 579 904 666 972; x_wconf 90' lang='lat' dir='ltr'><strong>ad</strong></span> <span class='ocrx_word' id='word_1_49' title='bbox 711 905 998 994; x_wconf 76' lang='lat' dir='ltr'><strong>aliquem</strong></span> <span class='ocrx_word' id='word_1_50' title='bbox 1044 908 1378 976; x_wconf 86' lang='lat' dir='ltr'><strong>citandum</strong></span> <span class='ocrx_word' id='word_1_51' title='bbox 1424 907 1532 974; x_wconf 81' lang='lat' dir='ltr'><strong>vel</strong></span> <span class='ocrx_word' id='word_1_52' title='bbox 1579 909 1667 974; x_wconf 87' lang='lat' dir='ltr'><strong>ad</strong></span> <span class='ocrx_word' id='word_1_53' title='bbox 1690 909 1941 998; x_wconf 86' lang='lat' dir='ltr'><strong>aliquid</strong></span> <span class='ocrx_word' id='word_1_54' title='bbox 1962 909 2211 977; x_wconf 86' lang='lat' dir='ltr'><strong>ibidem</strong></span> <span class='ocrx_word' id='word_1_55' title='bbox 2244 908 2645 994; x_wconf 87' lang='lat' dir='ltr'><strong>faciendum,</strong></span> <span class='ocrx_word' id='word_1_56' title='bbox 2724 951 2729 962; x_wconf 91' lang='lat'>·</span> 
     </span>
     <span class='ocr_line' id='line_1_8' title="bbox 261 991 2727 1081; baseline 0.004 -23"><span class='ocrx_word' id='word_1_57' title='bbox 261 991 382 1058; x_wconf 89' lang='lat' dir='ltr'><strong>sed</strong></span> <span class='ocrx_word' id='word_1_58' title='bbox 427 993 756 1080; x_wconf 84' lang='lat' dir='ltr'><strong>significet</strong></span> <span class='ocrx_word' id='word_1_59' title='bbox 794 998 1204 1081; x_wconf 81' lang='lat' dir='ltr'><strong>procuratori</strong></span> <span class='ocrx_word' id='word_1_60' title='bbox 1250 994 1484 1062; x_wconf 86' lang='lat' dir='ltr'><strong>domus</strong></span> <span class='ocrx_word' id='word_1_61' title='bbox 1528 995 1707 1061; x_wconf 86' lang='lat' dir='ltr'><strong>illius</strong></span> <span class='ocrx_word' id='word_1_62' title='bbox 1754 999 1857 1062; x_wconf 90' lang='lat' dir='ltr'><strong>cui</strong></span> <span class='ocrx_word' id='word_1_63' title='bbox 1904 996 2113 1064; x_wconf 88' lang='lat' dir='ltr'><strong>abbas</strong></span> <span class='ocrx_word' id='word_1_64' title='bbox 2156 1019 2307 1064; x_wconf 85' lang='lat' dir='ltr'><strong>cum</strong></span> <span class='ocrx_word' id='word_1_65' title='bbox 2330 997 2647 1066; x_wconf 85' lang='lat' dir='ltr'><strong>fratribus</strong></span> <span class='ocrx_word' id='word_1_66' title='bbox 2720 1004 2727 1036; x_wconf 81' lang='lat'><strong>·&#39;</strong></span> 
     </span>
     <span class='ocr_line' id='line_1_9' title="bbox 261 1079 2725 1170; baseline 0.002 -26"><span class='ocrx_word' id='word_1_67' title='bbox 261 1079 595 1148; x_wconf 79' lang='lat' dir='ltr'><strong>commisit</strong></span> <span class='ocrx_word' id='word_1_68' title='bbox 637 1082 1162 1168; x_wconf 81' lang='lat' dir='ltr'><strong>procurationem</strong></span> <span class='ocrx_word' id='word_1_69' title='bbox 1208 1084 1275 1148; x_wconf 91' lang='lat' dir='ltr'><strong>in</strong></span> <span class='ocrx_word' id='word_1_70' title='bbox 1319 1081 1827 1170; x_wconf 86' lang='lat' dir='ltr'><strong>temporalibus,</strong></span> <span class='ocrx_word' id='word_1_71' title='bbox 1884 1092 1959 1149; x_wconf 90' lang='lat' dir='ltr'><strong>ut</strong></span> <span class='ocrx_word' id='word_1_72' title='bbox 2019 1105 2131 1150; x_wconf 88' lang='lat' dir='ltr'><strong>eos</strong></span> <span class='ocrx_word' id='word_1_73' title='bbox 2192 1085 2381 1150; x_wconf 89' lang='lat' dir='ltr'><strong>citari</strong></span> <span class='ocrx_word' id='word_1_74' title='bbox 2426 1084 2643 1169; x_wconf 87' lang='lat' dir='ltr'><strong>faciat,</strong></span> <span class='ocrx_word' id='word_1_75' title='bbox 2718 1135 2725 1144; x_wconf 87' lang='lat'><strong>.</strong></span> 
     </span>
     <span class='ocr_line' id='line_1_10' title="bbox 257 1167 2641 1256; baseline 0.003 -25"><span class='ocrx_word' id='word_1_76' title='bbox 257 1167 374 1254; x_wconf 83' lang='lat' dir='ltr'><strong>qui</strong></span> <span class='ocrx_word' id='word_1_77' title='bbox 423 1176 578 1232; x_wconf 81' lang='lat' dir='ltr'><strong>sunt</strong></span> <span class='ocrx_word' id='word_1_78' title='bbox 621 1168 888 1246; x_wconf 84' lang='lat' dir='ltr'><strong>citandi,</strong></span> <span class='ocrx_word' id='word_1_79' title='bbox 932 1171 1240 1256; x_wconf 80' lang='lat' dir='ltr'><strong>quatinus</strong></span> <span class='ocrx_word' id='word_1_80' title='bbox 1287 1169 1395 1236; x_wconf 92' lang='lat' dir='ltr'><strong>die</strong></span> <span class='ocrx_word' id='word_1_81' title='bbox 1441 1179 1506 1236; x_wconf 91' lang='lat' dir='ltr'><strong>et</strong></span> <span class='ocrx_word' id='word_1_82' title='bbox 1560 1171 1706 1237; x_wconf 93' lang='lat' dir='ltr'><strong>loco</strong></span> <span class='ocrx_word' id='word_1_83' title='bbox 1754 1171 2185 1238; x_wconf 86' lang='lat' dir='ltr'><strong>determinato</strong></span> <span class='ocrx_word' id='word_1_84' title='bbox 2246 1193 2361 1237; x_wconf 90' lang='lat' dir='ltr'><strong>eos</strong></span> <span class='ocrx_word' id='word_1_85' title='bbox 2424 1192 2641 1238; x_wconf 88' lang='lat' dir='ltr'><strong>coram</strong></span> 
     </span>
     <span class='ocr_line' id='line_1_11' title="bbox 245 1253 2639 1345; baseline 0.006 -27"><span class='ocrx_word' id='word_1_86' title='bbox 245 1253 596 1342; x_wconf 86' lang='lat' dir='ltr'><strong>judicibus</strong></span> <span class='ocrx_word' id='word_1_87' title='bbox 637 1263 900 1338; x_wconf 86' lang='lat' dir='ltr'><strong>statuat,</strong></span> <span class='ocrx_word' id='word_1_88' title='bbox 943 1277 1218 1342; x_wconf 84' lang='lat' dir='ltr'><strong>quorum</strong></span> <span class='ocrx_word' id='word_1_89' title='bbox 1263 1258 1534 1324; x_wconf 90' lang='lat' dir='ltr'><strong>interest</strong></span> <span class='ocrx_word' id='word_1_90' title='bbox 1577 1280 1813 1324; x_wconf 86' lang='lat' dir='ltr'><strong>causas</strong></span> <span class='ocrx_word' id='word_1_91' title='bbox 1850 1267 1917 1326; x_wconf 89' lang='lat' dir='ltr'><strong>et</strong></span> <span class='ocrx_word' id='word_1_92' title='bbox 1939 1260 2205 1344; x_wconf 89' lang='lat' dir='ltr'><strong>negotia</strong></span> <span class='ocrx_word' id='word_1_93' title='bbox 2224 1259 2413 1345; x_wconf 88' lang='lat' dir='ltr'><strong>regni</strong></span> <span class='ocrx_word' id='word_1_94' title='bbox 2434 1263 2639 1333; x_wconf 88' lang='lat' dir='ltr'><strong>nostri</strong></span> 
     </span>
     <span class='ocr_line' id='line_1_12' title="bbox 253 1339 2603 1410; baseline 0.003 -4"><span class='ocrx_word' id='word_1_95' title='bbox 253 1349 546 1408; x_wconf 85' lang='lat' dir='ltr'><strong>tractare</strong></span> <span class='ocrx_word' id='word_1_96' title='bbox 592 1351 658 1407; x_wconf 91' lang='lat' dir='ltr'><strong>et</strong></span> <span class='ocrx_word' id='word_1_97' title='bbox 702 1342 1006 1410; x_wconf 87' lang='lat' dir='ltr'><strong>diffinire.</strong></span> <span class='ocrx_word' id='word_1_98' title='bbox 2588 1339 2603 1356; x_wconf 79' lang='grc'><em>’</em></span> 
     </span>
    </p>

    <p class='ocr_par' dir='ltr' id='par_1_4' title="bbox 243 1427 2717 1902">
     <span class='ocr_line' id='line_1_13' title="bbox 433 1427 2639 1520; baseline 0.003 -26"><span class='ocrx_word' id='word_1_99' title='bbox 433 1431 494 1494; x_wconf 89' lang='grc'><strong>8.</strong></span> <span class='ocrx_word' id='word_1_100' title='bbox 541 1427 612 1496; x_wconf 86' lang='lat' dir='ltr'><strong>Si</strong></span> <span class='ocrx_word' id='word_1_101' title='bbox 659 1431 805 1517; x_wconf 89' lang='lat' dir='ltr'><strong>quis</strong></span> <span class='ocrx_word' id='word_1_102' title='bbox 847 1452 1004 1496; x_wconf 81' lang='lat' dir='ltr'><strong>vero</strong></span> <span class='ocrx_word' id='word_1_103' title='bbox 1050 1429 1250 1501; x_wconf 89' lang='lat' dir='ltr'><strong>alicui</strong></span> <span class='ocrx_word' id='word_1_104' title='bbox 1293 1452 1615 1520; x_wconf 74' lang='lat' dir='ltr'><strong>personae</strong></span> <span class='ocrx_word' id='word_1_105' title='bbox 1659 1431 2009 1517; x_wconf 82' lang='lat' dir='ltr'><strong>religiosae</strong></span> <span class='ocrx_word' id='word_1_106' title='bbox 2054 1432 2229 1498; x_wconf 85' lang='lat' dir='ltr'><strong>infra</strong></span> <span class='ocrx_word' id='word_1_107' title='bbox 2274 1441 2460 1520; x_wconf 89' lang='lat' dir='ltr'><strong>septa</strong></span> <span class='ocrx_word' id='word_1_108' title='bbox 2504 1455 2639 1500; x_wconf 79' lang='lat' dir='ltr'><strong>mo-</strong></span> 
     </span>
     <span class='ocr_line' id='line_1_14' title="bbox 248 1516 2639 1606; baseline 0.002 -26"><span class='ocrx_word' id='word_1_109' title='bbox 248 1516 527 1581; x_wconf 88' lang='lat' dir='ltr'><strong>nasterii</strong></span> <span class='ocrx_word' id='word_1_110' title='bbox 573 1517 970 1586; x_wconf 80' lang='lat' dir='ltr'><strong>constitutae</strong></span> <span class='ocrx_word' id='word_1_111' title='bbox 1013 1540 1249 1586; x_wconf 86' lang='lat' dir='ltr'><strong>manus</strong></span> <span class='ocrx_word' id='word_1_112' title='bbox 1309 1518 1613 1604; x_wconf 85' lang='lat' dir='ltr'><strong>injecerit</strong></span> <span class='ocrx_word' id='word_1_113' title='bbox 1665 1518 1989 1586; x_wconf 84' lang='lat' dir='ltr'><strong>violentas</strong></span> <span class='ocrx_word' id='word_1_114' title='bbox 2050 1519 2137 1586; x_wconf 92' lang='lat' dir='ltr'><strong>ad</strong></span> <span class='ocrx_word' id='word_1_115' title='bbox 2198 1519 2485 1606; x_wconf 83' lang='lat' dir='ltr'><strong>aliquem</strong></span> <span class='ocrx_word' id='word_1_116' title='bbox 2544 1520 2639 1586; x_wconf 90' lang='lat' dir='ltr'><strong>ibi</strong></span> 
     </span>
     <span class='ocr_line' id='line_1_15' title="bbox 245 1602 2717 1692; baseline 0.002 -24"><span class='ocrx_word' id='word_1_117' title='bbox 245 1602 840 1688; x_wconf 83' lang='lat' dir='ltr'><strong>dehonestandum,</strong></span> <span class='ocrx_word' id='word_1_118' title='bbox 883 1605 992 1670; x_wconf 82' lang='lat' dir='ltr'><strong>vel</strong></span> <span class='ocrx_word' id='word_1_119' title='bbox 1037 1605 1288 1692; x_wconf 82' lang='lat' dir='ltr'><strong>aliquid</strong></span> <span class='ocrx_word' id='word_1_120' title='bbox 1310 1607 1464 1672; x_wconf 90' lang='lat' dir='ltr'><strong>inde</strong></span> <span class='ocrx_word' id='word_1_121' title='bbox 1490 1606 1839 1672; x_wconf 76' lang='lat' dir='ltr'><strong>abstulerit</strong></span> <span class='ocrx_word' id='word_1_122' title='bbox 1861 1629 2027 1674; x_wconf 89' lang='lat' dir='ltr'><strong>ausu</strong></span> <span class='ocrx_word' id='word_1_123' title='bbox 2051 1608 2399 1674; x_wconf 88' lang='lat' dir='ltr'><strong>temerario</strong></span> <span class='ocrx_word' id='word_1_124' title='bbox 2430 1609 2638 1672; x_wconf 88' lang='lat' dir='ltr'><strong>mani-</strong></span> <span class='ocrx_word' id='word_1_125' title='bbox 2710 1616 2717 1632; x_wconf 88' lang='lat'><strong><em>¹</em></strong></span> 
     </span>
     <span class='ocr_line' id='line_1_16' title="bbox 246 1689 2711 1781; baseline 0.004 -28"><span class='ocrx_word' id='word_1_126' title='bbox 246 1689 439 1772; x_wconf 83' lang='lat' dir='ltr'><strong>feste,</strong></span> <span class='ocrx_word' id='word_1_127' title='bbox 486 1689 778 1759; x_wconf 87' lang='lat' dir='ltr'><strong>bannum</strong></span> <span class='ocrx_word' id='word_1_128' title='bbox 824 1701 1120 1758; x_wconf 87' lang='lat' dir='ltr'><strong>nostrum</strong></span> <span class='ocrx_word' id='word_1_129' title='bbox 1173 1695 1389 1781; x_wconf 89' lang='lat' dir='ltr'><strong>quoad</strong></span> <span class='ocrx_word' id='word_1_130' title='bbox 1435 1693 1643 1758; x_wconf 89' lang='lat' dir='ltr'><strong>XXX</strong></span> <span class='ocrx_word' id='word_1_131' title='bbox 1688 1715 1943 1762; x_wconf 84' lang='lat' dir='ltr'><strong>marcas</strong></span> <span class='ocrx_word' id='word_1_132' title='bbox 1990 1703 2360 1781; x_wconf 87' lang='lat' dir='ltr'><strong>componat,</strong></span> <span class='ocrx_word' id='word_1_133' title='bbox 2406 1703 2473 1764; x_wconf 87' lang='lat' dir='ltr'><strong>et</strong></span> <span class='ocrx_word' id='word_1_134' title='bbox 2501 1716 2635 1765; x_wconf 85' lang='lat' dir='ltr'><strong>mo·</strong></span> <span class='ocrx_word' id='word_1_135' title='bbox 2706 1693 2711 1775; x_wconf 68' lang='lat' dir='ltr'>J</span> 
     </span>
     <span class='ocr_line' id='line_1_17' title="bbox 243 1777 2710 1902; baseline 0.001 -58"><span class='ocrx_word' id='word_1_136' title='bbox 243 1780 538 1846; x_wconf 81' lang='lat' dir='ltr'><strong>nastcrio</strong></span> <span class='ocrx_word' id='word_1_137' title='bbox 583 1777 890 1865; x_wconf 84' lang='lat' dir='ltr'><strong>dampnis</strong></span> <span class='ocrx_word' id='word_1_138' title='bbox 935 1781 1071 1846; x_wconf 88' lang='lat' dir='ltr'><strong>suis</strong></span> <span class='ocrx_word' id='word_1_139' title='bbox 1114 1781 1445 1850; x_wconf 76' lang='lat' dir='ltr'><strong>resarcitis</strong></span> <span class='ocrx_word' id='word_1_140' title='bbox 1489 1781 1560 1846; x_wconf 90' lang='lat' dir='ltr'><strong>in</strong></span> <span class='ocrx_word' id='word_1_141' title='bbox 1606 1781 1881 1848; x_wconf 90' lang='lat' dir='ltr'><strong>totidem</strong></span> <span class='ocrx_word' id='word_1_142' title='bbox 1928 1781 2311 1847; x_wconf 83' lang='lat' dir='ltr'><strong>satisfaciat.</strong></span> <span class='ocrx_word' id='word_1_143' title='bbox 2698 1835 2710 1902; x_wconf 76' lang='lat' dir='ltr'><em>J</em></span> 
     </span>
    </p>

    <p class='ocr_par' dir='ltr' id='par_1_5' title="bbox 239 1864 2701 2482">
     <span class='ocr_line' id='line_1_18' title="bbox 429 1864 2701 1953; baseline 0.002 -23"><span class='ocrx_word' id='word_1_144' title='bbox 429 1865 488 1930; x_wconf 92' lang='grc'><strong>9.</strong></span> <span class='ocrx_word' id='word_1_145' title='bbox 534 1864 961 1934; x_wconf 86' lang='lat' dir='ltr'><strong>Prohibemus</strong></span> <span class='ocrx_word' id='word_1_146' title='bbox 1009 1867 1227 1948; x_wconf 89' lang='lat' dir='ltr'><strong>etiam,</strong></span> <span class='ocrx_word' id='word_1_147' title='bbox 1274 1891 1360 1934; x_wconf 92' lang='lat' dir='ltr'><strong>ne</strong></span> <span class='ocrx_word' id='word_1_148' title='bbox 1407 1876 1757 1937; x_wconf 86' lang='lat' dir='ltr'><strong>venatores</strong></span> <span class='ocrx_word' id='word_1_149' title='bbox 1804 1869 2013 1936; x_wconf 84' lang='lat' dir='ltr'><strong>nostri</strong></span> <span class='ocrx_word' id='word_1_150' title='bbox 2036 1868 2143 1934; x_wconf 83' lang='lat' dir='ltr'><strong>vel</strong></span> <span class='ocrx_word' id='word_1_151' title='bbox 2169 1866 2631 1936; x_wconf 86' lang='lat' dir='ltr'><strong>caniductores</strong></span> <span class='ocrx_word' id='word_1_152' title='bbox 2694 1919 2701 1953; x_wconf 54' lang='lat'>2</span> 
     </span>
     <span class='ocr_line' id='line_1_19' title="bbox 243 1951 2695 2029; baseline 0.005 -13"><span class='ocrx_word' id='word_1_153' title='bbox 243 1954 320 2016; x_wconf 86' lang='lat' dir='ltr'><strong>in</strong></span> <span class='ocrx_word' id='word_1_154' title='bbox 361 1951 631 2018; x_wconf 81' lang='lat' dir='ltr'><strong>abbatia</strong></span> <span class='ocrx_word' id='word_1_155' title='bbox 673 1952 780 2018; x_wconf 80' lang='lat' dir='ltr'><strong>vel</strong></span> <span class='ocrx_word' id='word_1_156' title='bbox 827 1975 1055 2020; x_wconf 85' lang='lat' dir='ltr'><strong>eorum</strong></span> <span class='ocrx_word' id='word_1_157' title='bbox 1101 1954 1278 2020; x_wconf 85' lang='lat' dir='ltr'><strong>villis</strong></span> <span class='ocrx_word' id='word_1_158' title='bbox 1323 1957 1466 2021; x_wconf 88' lang='lat' dir='ltr'><strong>sine</strong></span> <span class='ocrx_word' id='word_1_159' title='bbox 1528 1954 1787 2021; x_wconf 82' lang='lat' dir='ltr'><strong>abbatis</strong></span> <span class='ocrx_word' id='word_1_160' title='bbox 1842 1963 1907 2022; x_wconf 90' lang='lat' dir='ltr'><strong>et</strong></span> <span class='ocrx_word' id='word_1_161' title='bbox 1968 1954 2246 2023; x_wconf 86' lang='lat' dir='ltr'><strong>fratrum</strong></span> <span class='ocrx_word' id='word_1_162' title='bbox 2307 1977 2635 2024; x_wconf 87' lang='lat' dir='ltr'><strong>consensu</strong></span> <span class='ocrx_word' id='word_1_163' title='bbox 2688 1999 2695 2029; x_wconf 92' lang='grc'><strong>.-</strong></span> 
     </span>
     <span class='ocr_line' id='line_1_20' title="bbox 251 2039 2687 2128; baseline 0.002 -24"><span class='ocrx_word' id='word_1_164' title='bbox 251 2047 638 2126; x_wconf 88' lang='lat' dir='ltr'><strong>pernoctent</strong></span> <span class='ocrx_word' id='word_1_165' title='bbox 679 2039 786 2106; x_wconf 79' lang='lat' dir='ltr'><strong>vel</strong></span> <span class='ocrx_word' id='word_1_166' title='bbox 831 2040 1082 2128; x_wconf 88' lang='lat' dir='ltr'><strong>aliquid</strong></span> <span class='ocrx_word' id='word_1_167' title='bbox 1127 2041 1220 2106; x_wconf 91' lang='lat' dir='ltr'><strong>ibi</strong></span> <span class='ocrx_word' id='word_1_168' title='bbox 1265 2041 1552 2107; x_wconf 86' lang='lat' dir='ltr'><strong>inferant</strong></span> <span class='ocrx_word' id='word_1_169' title='bbox 1596 2041 1967 2124; x_wconf 87' lang='lat' dir='ltr'><strong>violentiae,</strong></span> <span class='ocrx_word' id='word_1_170' title='bbox 2016 2053 2081 2107; x_wconf 89' lang='lat' dir='ltr'><strong>et</strong></span> <span class='ocrx_word' id='word_1_171' title='bbox 2116 2041 2243 2106; x_wconf 92' lang='lat' dir='ltr'><strong>hoc</strong></span> <span class='ocrx_word' id='word_1_172' title='bbox 2268 2041 2393 2107; x_wconf 88' lang='lat' dir='ltr'><strong>sub</strong></span> <span class='ocrx_word' id='word_1_173' title='bbox 2416 2065 2631 2128; x_wconf 83' lang='lat' dir='ltr'><strong>poena</strong></span> <span class='ocrx_word' id='word_1_174' title='bbox 2680 2067 2687 2111; x_wconf 91' lang='grc'><strong>.·</strong></span> 
     </span>
     <span class='ocr_line' id='line_1_21' title="bbox 253 2125 2630 2216; baseline 0.001 -23"><span class='ocrx_word' id='word_1_175' title='bbox 253 2125 328 2193; x_wconf 88' lang='grc' dir='ltr'>Χ</span> <span class='ocrx_word' id='word_1_176' title='bbox 365 2125 685 2197; x_wconf 80' lang='lat' dir='ltr'><strong>librarum</strong></span> <span class='ocrx_word' id='word_1_177' title='bbox 730 2139 1030 2194; x_wconf 87' lang='lat' dir='ltr'><strong>monetae</strong></span> <span class='ocrx_word' id='word_1_178' title='bbox 1077 2125 1500 2214; x_wconf 87' lang='lat' dir='ltr'><strong>provincialis</strong></span> <span class='ocrx_word' id='word_1_179' title='bbox 1517 2177 1536 2212; x_wconf 88' lang='lat'>‚</span> <span class='ocrx_word' id='word_1_180' title='bbox 1597 2130 1723 2193; x_wconf 90' lang='lat' dir='ltr'><strong>nisi</strong></span> <span class='ocrx_word' id='word_1_181' title='bbox 1762 2128 2083 2216; x_wconf 89' lang='lat' dir='ltr'><strong>placuerit</strong></span> <span class='ocrx_word' id='word_1_182' title='bbox 2125 2127 2349 2194; x_wconf 88' lang='lat' dir='ltr'><strong>abbati</strong></span> <span class='ocrx_word' id='word_1_183' title='bbox 2394 2138 2460 2195; x_wconf 88' lang='lat' dir='ltr'><strong>et</strong></span> <span class='ocrx_word' id='word_1_184' title='bbox 2502 2128 2630 2196; x_wconf 86' lang='lat' dir='ltr'><strong>fra-</strong></span> 
     </span>
     <span class='ocr_line' id='line_1_22' title="bbox 249 2212 2628 2302; baseline 0 -22"><span class='ocrx_word' id='word_1_185' title='bbox 249 2212 484 2296; x_wconf 77' lang='lat' dir='ltr'><strong>tribus,</strong></span> <span class='ocrx_word' id='word_1_186' title='bbox 533 2216 629 2280; x_wconf 77' lang='lat' dir='ltr'><strong>eis</strong></span> <span class='ocrx_word' id='word_1_187' title='bbox 674 2214 760 2281; x_wconf 86' lang='lat' dir='ltr'><strong>ali</strong></span> <span class='ocrx_word' id='word_1_188' title='bbox 810 2215 924 2282; x_wconf 80' lang='lat' dir='ltr'><strong>uid</strong></span> <span class='ocrx_word' id='word_1_189' title='bbox 967 2217 1219 2302; x_wconf 79' lang='lat' dir='ltr'><strong>gratiae</strong></span> <span class='ocrx_word' id='word_1_190' title='bbox 1261 2217 1332 2283; x_wconf 86' lang='lat' dir='ltr'><strong>in</strong></span> <span class='ocrx_word' id='word_1_191' title='bbox 1378 2214 1775 2283; x_wconf 83' lang='lat' dir='ltr'><strong>victualibus</strong></span> <span class='ocrx_word' id='word_1_192' title='bbox 1832 2213 2258 2302; x_wconf 86' lang='lat' dir='ltr'><strong>impendere;</strong></span> <span class='ocrx_word' id='word_1_193' title='bbox 2318 2213 2388 2280; x_wconf 92' lang='lat' dir='ltr'><strong>id</strong></span> <span class='ocrx_word' id='word_1_194' title='bbox 2431 2217 2628 2281; x_wconf 88' lang='lat' dir='ltr'><strong>etiam</strong></span> 
     </span>
     <span class='ocr_line' id='line_1_23' title="bbox 239 2299 2629 2390; baseline 0.001 -22"><span class='ocrx_word' id='word_1_195' title='bbox 239 2299 594 2385; x_wconf 86' lang='lat' dir='ltr'><strong>addentes,</strong></span> <span class='ocrx_word' id='word_1_196' title='bbox 641 2323 768 2390; x_wconf 91' lang='lat' dir='ltr'><strong>quo</strong></span> <span class='ocrx_word' id='word_1_197' title='bbox 859 2303 916 2368; x_wconf 90' lang='lat' dir='ltr'><strong>si</strong></span> <span class='ocrx_word' id='word_1_198' title='bbox 961 2304 1336 2368; x_wconf 84' lang='lat' dir='ltr'><strong>exstiterint</strong></span> <span class='ocrx_word' id='word_1_199' title='bbox 1379 2305 1474 2370; x_wconf 88' lang='lat' dir='ltr'><strong>eis</strong></span> <span class='ocrx_word' id='word_1_200' title='bbox 1521 2303 1841 2389; x_wconf 87' lang='lat' dir='ltr'><strong>injuriosi,</strong></span> <span class='ocrx_word' id='word_1_201' title='bbox 1886 2301 2083 2370; x_wconf 88' lang='lat' dir='ltr'><strong>liceat</strong></span> <span class='ocrx_word' id='word_1_202' title='bbox 2126 2302 2221 2371; x_wconf 85' lang='lat' dir='ltr'><strong>eis</strong></span> <span class='ocrx_word' id='word_1_203' title='bbox 2264 2303 2443 2388; x_wconf 88' lang='lat' dir='ltr'><strong>ipsos</strong></span> <span class='ocrx_word' id='word_1_204' title='bbox 2488 2303 2629 2372; x_wconf 87' lang='lat' dir='ltr'><strong>sine</strong></span> 
     </span>
     <span class='ocr_line' id='line_1_24' title="bbox 239 2387 2683 2482; baseline 0 -28"><span class='ocrx_word' id='word_1_205' title='bbox 239 2387 503 2458; x_wconf 73' lang='lat' dir='ltr'><strong>offensa</strong></span> <span class='ocrx_word' id='word_1_206' title='bbox 516 2395 740 2455; x_wconf 86' lang='lat' dir='ltr'><strong>nostra</strong></span> <span class='ocrx_word' id='word_1_207' title='bbox 758 2388 839 2455; x_wconf 92' lang='lat' dir='ltr'><strong>de</strong></span> <span class='ocrx_word' id='word_1_208' title='bbox 857 2390 1156 2456; x_wconf 85' lang='lat' dir='ltr'><strong>domibus</strong></span> <span class='ocrx_word' id='word_1_209' title='bbox 1171 2398 1239 2455; x_wconf 89' lang='lat' dir='ltr'><strong>et</strong></span> <span class='ocrx_word' id='word_1_210' title='bbox 1250 2388 1775 2482; x_wconf 82' lang='lat' dir='ltr'><strong>possessionibus</strong></span> <span class='ocrx_word' id='word_1_211' title='bbox 1787 2391 1924 2456; x_wconf 90' lang='lat' dir='ltr'><strong>suis</strong></span> <span class='ocrx_word' id='word_1_212' title='bbox 1934 2388 2259 2456; x_wconf 83' lang='lat' dir='ltr'><strong>violenter</strong></span> <span class='ocrx_word' id='word_1_213' title='bbox 2270 2389 2627 2477; x_wconf 84' lang='lat' dir='ltr'><strong>expellere.</strong></span> <span class='ocrx_word' id='word_1_214' title='bbox 2669 2392 2683 2469; x_wconf 68' lang='grc' dir='ltr'><strong>’ς</strong></span> 
     </span>
    </p>

    <p class='ocr_par' dir='ltr' id='par_1_6' title="bbox 227 2472 2693 2902">
     <span class='ocr_line' id='line_1_25' title="bbox 331 2472 2681 2566; baseline 0.002 -28"><span class='ocrx_word' id='word_1_215' title='bbox 331 2527 338 2533; x_wconf 81' lang='grc'><strong>.</strong></span> <span class='ocrx_word' id='word_1_216' title='bbox 391 2477 526 2545; x_wconf 89' lang='grc'><strong>.10.</strong></span> <span class='ocrx_word' id='word_1_217' title='bbox 567 2473 851 2563; x_wconf 78' lang='lat' dir='ltr'><strong>Insuper</strong></span> <span class='ocrx_word' id='word_1_218' title='bbox 894 2478 1252 2552; x_wconf 83' lang='lat' dir='ltr'><strong>statuimus,</strong></span> <span class='ocrx_word' id='word_1_219' title='bbox 1300 2476 1477 2566; x_wconf 88' lang='lat' dir='ltr'><strong>quod</strong></span> <span class='ocrx_word' id='word_1_220' title='bbox 1542 2479 1919 2566; x_wconf 85' lang='lat' dir='ltr'><strong>quicunque</strong></span> <span class='ocrx_word' id='word_1_221' title='bbox 1962 2475 2282 2542; x_wconf 89' lang='lat' dir='ltr'><strong>nobilium</strong></span> <span class='ocrx_word' id='word_1_222' title='bbox 2338 2475 2447 2543; x_wconf 80' lang='lat' dir='ltr'><strong>vel</strong></span> <span class='ocrx_word' id='word_1_223' title='bbox 2508 2499 2621 2566; x_wconf 75' lang='lat' dir='ltr'><strong>po·</strong></span> <span class='ocrx_word' id='word_1_224' title='bbox 2675 2472 2681 2482; x_wconf 61' lang='lat'><strong>¹</strong></span> 
     </span>
     <span class='ocr_line' id='line_1_26' title="bbox 232 2563 2679 2653; baseline 0 -24"><span class='ocrx_word' id='word_1_225' title='bbox 232 2571 502 2629; x_wconf 85' lang='lat' dir='ltr'><strong>tentum</strong></span> <span class='ocrx_word' id='word_1_226' title='bbox 525 2563 951 2650; x_wconf 65' lang='lat' dir='ltr'><strong>inspraefati)</strong></span> <span class='ocrx_word' id='word_1_227' title='bbox 985 2565 1366 2636; x_wconf 70' lang='lat' dir='ltr'><strong>monasterii</strong></span> <span class='ocrx_word' id='word_1_228' title='bbox 1409 2565 1611 2632; x_wconf 89' lang='lat' dir='ltr'><strong>curiis</strong></span> <span class='ocrx_word' id='word_1_229' title='bbox 1656 2563 1763 2630; x_wconf 86' lang='lat' dir='ltr'><strong>vel</strong></span> <span class='ocrx_word' id='word_1_230' title='bbox 1807 2563 1983 2632; x_wconf 89' lang='lat' dir='ltr'><strong>villis</strong></span> <span class='ocrx_word' id='word_1_231' title='bbox 2026 2564 2476 2653; x_wconf 84' lang='lat' dir='ltr'><strong>pernoctando</strong></span> <span class='ocrx_word' id='word_1_232' title='bbox 2508 2564 2617 2630; x_wconf 86' lang='lat' dir='ltr'><strong>vel</strong></span> <span class='ocrx_word' id='word_1_233' title='bbox 2672 2606 2679 2650; x_wconf 63' lang='lat'>;</span> 
     </span>
     <span class='ocr_line' id='line_1_27' title="bbox 231 2648 2689 2743; baseline 0.001 -28"><span class='ocrx_word' id='word_1_234' title='bbox 231 2649 554 2716; x_wconf 66' lang='lat' dir='ltr'><strong>intrando</strong></span> <span class='ocrx_word' id='word_1_235' title='bbox 599 2649 810 2717; x_wconf 89' lang='lat' dir='ltr'><strong>eidem</strong></span> <span class='ocrx_word' id='word_1_236' title='bbox 855 2652 1232 2738; x_wconf 82' lang='lat' dir='ltr'><strong>exstiterint</strong></span> <span class='ocrx_word' id='word_1_237' title='bbox 1273 2653 1595 2740; x_wconf 85' lang='lat' dir='ltr'><strong>injuriosi,</strong></span> <span class='ocrx_word' id='word_1_238' title='bbox 1620 2652 1912 2722; x_wconf 79' lang='lat' dir='ltr'><strong>bannum</strong></span> <span class='ocrx_word' id='word_1_239' title='bbox 1942 2659 2237 2719; x_wconf 87' lang='lat' dir='ltr'><strong>nostrum</strong></span> <span class='ocrx_word' id='word_1_240' title='bbox 2261 2653 2331 2719; x_wconf 89' lang='lat' dir='ltr'><strong>in</strong></span> <span class='ocrx_word' id='word_1_241' title='bbox 2352 2648 2421 2718; x_wconf 91' lang='lat' dir='ltr'>X</span> <span class='ocrx_word' id='word_1_242' title='bbox 2456 2674 2625 2717; x_wconf 82' lang='lat' dir='ltr'><strong>mar·</strong></span> <span class='ocrx_word' id='word_1_243' title='bbox 2679 2682 2689 2743; x_wconf 81' lang='lat'><strong>&#39;.</strong></span> 
     </span>
     <span class='ocr_line' id='line_1_28' title="bbox 229 2737 2693 2828; baseline 0 -22"><span class='ocrx_word' id='word_1_244' title='bbox 229 2737 336 2812; x_wconf 85' lang='lat' dir='ltr'><strong>cis</strong></span> <span class='ocrx_word' id='word_1_245' title='bbox 381 2748 796 2828; x_wconf 77' lang='lat' dir='ltr'><strong>componant,</strong></span> <span class='ocrx_word' id='word_1_246' title='bbox 859 2747 923 2808; x_wconf 88' lang='lat' dir='ltr'><strong>et</strong></span> <span class='ocrx_word' id='word_1_247' title='bbox 963 2738 1176 2806; x_wconf 82' lang='lat' dir='ltr'><strong>eidem</strong></span> <span class='ocrx_word' id='word_1_248' title='bbox 1221 2739 1618 2806; x_wconf 85' lang='lat' dir='ltr'><strong>monasterio</strong></span> <span class='ocrx_word' id='word_1_249' title='bbox 1664 2738 1955 2825; x_wconf 87' lang='lat' dir='ltr'><strong>dampna</strong></span> <span class='ocrx_word' id='word_1_250' title='bbox 1999 2738 2186 2805; x_wconf 87' lang='lat' dir='ltr'><strong>illata</strong></span> <span class='ocrx_word' id='word_1_251' title='bbox 2228 2740 2297 2804; x_wconf 89' lang='lat' dir='ltr'><strong>in</strong></span> <span class='ocrx_word' id='word_1_252' title='bbox 2348 2739 2617 2828; x_wconf 85' lang='lat' dir='ltr'><strong>duplum</strong></span> <span class='ocrx_word' id='word_1_253' title='bbox 2686 2746 2693 2796; x_wconf 77' lang='grc' dir='ltr'>ἶ</span> 
     </span>
     <span class='ocr_line' id='line_1_29' title="bbox 227 2826 952 2902; baseline -0.012 -8"><span class='ocrx_word' id='word_1_254' title='bbox 227 2826 608 2894; x_wconf 81' lang='lat' dir='ltr'><strong>restituant.</strong></span> <span class='ocrx_word' id='word_1_255' title='bbox 863 2830 876 2886; x_wconf 83' lang='lat'><strong>.&#39;</strong></span> <span class='ocrx_word' id='word_1_256' title='bbox 947 2891 952 2902; x_wconf 61' lang='grc'><strong>,</strong></span> 
     </span>
    </p>

    <p class='ocr_par' dir='ltr' id='par_1_7' title="bbox 224 2904 2616 3348">
     <span class='ocr_line' id='line_1_30' title="bbox 399 2904 2616 3001; baseline 0.002 -30"><span class='ocrx_word' id='word_1_257' title='bbox 399 2914 527 2976; x_wconf 54' lang='lat' dir='ltr'><strong>‚lla</strong></span> <span class='ocrx_word' id='word_1_258' title='bbox 564 2904 944 2998; x_wconf 78' lang='lat' dir='ltr'><strong>Adjeciinus</strong></span> <span class='ocrx_word' id='word_1_259' title='bbox 988 2915 1204 2994; x_wconf 75' lang='lat' dir='ltr'><strong>etiam,</strong></span> <span class='ocrx_word' id='word_1_260' title='bbox 1272 2921 1346 2978; x_wconf 79' lang='lat' dir='ltr'><strong>ut</strong></span> <span class='ocrx_word' id='word_1_261' title='bbox 1398 2912 1700 2980; x_wconf 87' lang='lat' dir='ltr'><strong>homines</strong></span> <span class='ocrx_word' id='word_1_262' title='bbox 1732 2911 2099 3001; x_wconf 83' lang='lat' dir='ltr'><strong>.(praefati)</strong></span> <span class='ocrx_word' id='word_1_263' title='bbox 2147 2910 2449 2980; x_wconf 89' lang='lat' dir='ltr'><strong>coenobii</strong></span> <span class='ocrx_word' id='word_1_264' title='bbox 2495 2933 2616 2998; x_wconf 87' lang='lat' dir='ltr'><strong>per</strong></span> 
     </span>
     <span class='ocr_line' id='line_1_31' title="bbox 224 2999 2612 3088; baseline 0.001 -22"><span class='ocrx_word' id='word_1_265' title='bbox 224 2999 501 3066; x_wconf 85' lang='lat' dir='ltr'><strong>telonea</strong></span> <span class='ocrx_word' id='word_1_266' title='bbox 541 3008 956 3066; x_wconf 85' lang='lat' dir='ltr'><strong>transeuntes</strong></span> <span class='ocrx_word' id='word_1_267' title='bbox 997 3002 1068 3065; x_wconf 87' lang='lat' dir='ltr'><strong>in</strong></span> <span class='ocrx_word' id='word_1_268' title='bbox 1111 3000 1328 3084; x_wconf 83' lang='lat' dir='ltr'><strong>rebus,</strong></span> <span class='ocrx_word' id='word_1_269' title='bbox 1371 3021 1542 3087; x_wconf 86' lang='lat' dir='ltr'><strong>quae</strong></span> <span class='ocrx_word' id='word_1_270' title='bbox 1587 3009 1889 3088; x_wconf 82' lang='lat' dir='ltr'><strong>spectant</strong></span> <span class='ocrx_word' id='word_1_271' title='bbox 1934 2999 2019 3066; x_wconf 88' lang='lat' dir='ltr'><strong>ad</strong></span> <span class='ocrx_word' id='word_1_272' title='bbox 2066 3021 2229 3085; x_wconf 91' lang='lat' dir='ltr'><strong>opus</strong></span> <span class='ocrx_word' id='word_1_273' title='bbox 2274 2999 2381 3064; x_wconf 83' lang='lat' dir='ltr'><strong>vel</strong></span> <span class='ocrx_word' id='word_1_274' title='bbox 2451 3021 2612 3068; x_wconf 79' lang='lat' dir='ltr'><strong>usus</strong></span> 
     </span>
     <span class='ocr_line' id='line_1_32' title="bbox 226 3083 2611 3172; baseline -0.002 -18"><span class='ocrx_word' id='word_1_275' title='bbox 226 3084 575 3172; x_wconf 79' lang='lat' dir='ltr'><strong>ecclesiae,</strong></span> <span class='ocrx_word' id='word_1_276' title='bbox 621 3087 704 3152; x_wconf 87' lang='lat' dir='ltr'><strong>ad</strong></span> <span class='ocrx_word' id='word_1_277' title='bbox 749 3109 892 3154; x_wconf 87' lang='lat' dir='ltr'><strong>eam</strong></span> <span class='ocrx_word' id='word_1_278' title='bbox 937 3089 1006 3152; x_wconf 86' lang='lat' dir='ltr'><strong>in</strong></span> <span class='ocrx_word' id='word_1_279' title='bbox 1051 3088 1550 3154; x_wconf 86' lang='lat' dir='ltr'><strong>necessitatibus</strong></span> <span class='ocrx_word' id='word_1_280' title='bbox 1576 3114 1584 3125; x_wconf 94' lang='lat'>·</span> <span class='ocrx_word' id='word_1_281' title='bbox 1610 3087 1753 3172; x_wconf 88' lang='lat' dir='ltr'><strong>ejus</strong></span> <span class='ocrx_word' id='word_1_282' title='bbox 1800 3086 2175 3153; x_wconf 86' lang='lat' dir='ltr'><strong>deferendis</strong></span> <span class='ocrx_word' id='word_1_283' title='bbox 2233 3083 2339 3150; x_wconf 85' lang='lat' dir='ltr'><strong>vel</strong></span> <span class='ocrx_word' id='word_1_284' title='bbox 2399 3094 2611 3152; x_wconf 84' lang='lat' dir='ltr'><strong>trans-</strong></span> 
     </span>
     <span class='ocr_line' id='line_1_33' title="bbox 225 3159 2615 3262; baseline 0 -22"><span class='ocrx_word' id='word_1_285' title='bbox 225 3173 574 3257; x_wconf 79' lang='lat' dir='ltr'><strong>ducendis,</strong></span> <span class='ocrx_word' id='word_1_286' title='bbox 619 3175 750 3239; x_wconf 87' lang='lat' dir='ltr'><strong>sint</strong></span> <span class='ocrx_word' id='word_1_287' title='bbox 793 3196 834 3239; x_wconf 89' lang='lat' dir='ltr'><strong>a</strong></span> <span class='ocrx_word' id='word_1_288' title='bbox 875 3173 1171 3262; x_wconf 86' lang='lat' dir='ltr'><strong>pedagiis</strong></span> <span class='ocrx_word' id='word_1_289' title='bbox 1219 3184 1283 3240; x_wconf 93' lang='lat' dir='ltr'><strong>et</strong></span> <span class='ocrx_word' id='word_1_290' title='bbox 1325 3159 1601 3241; x_wconf 83' lang='lat' dir='ltr'><strong>teloneis</strong></span> <span class='ocrx_word' id='word_1_291' title='bbox 1646 3174 1963 3254; x_wconf 81' lang='lat' dir='ltr'><strong>absoluti3</strong></span> <span class='ocrx_word' id='word_1_292' title='bbox 2012 3181 2407 3238; x_wconf 78' lang='lat' dir='ltr'><strong>mercatores</strong></span> <span class='ocrx_word' id='word_1_293' title='bbox 2450 3192 2615 3240; x_wconf 82' lang='lat' dir='ltr'><strong>vero</strong></span> 
     </span>
     <span class='ocr_line' id='line_1_34' title="bbox 232 3261 2371 3348; baseline 0.002 -20"><span class='ocrx_word' id='word_1_294' title='bbox 232 3261 506 3328; x_wconf 88' lang='lat' dir='ltr'><strong>solvant</strong></span> <span class='ocrx_word' id='word_1_295' title='bbox 549 3261 730 3346; x_wconf 81' lang='lat' dir='ltr'><strong>qued.</strong></span> <span class='ocrx_word' id='word_1_296' title='bbox 771 3267 872 3328; x_wconf 86' lang='lat' dir='ltr'><strong>sui</strong></span> <span class='ocrx_word' id='word_1_297' title='bbox 909 3263 1079 3348; x_wconf 83' lang='lat' dir='ltr'><strong>juris</strong></span> <span class='ocrx_word' id='word_1_298' title='bbox 1121 3271 1242 3331; x_wconf 68' lang='lat' dir='ltr'><strong>est.</strong></span> <span class='ocrx_word' id='word_1_299' title='bbox 1377 3329 1384 3338; x_wconf 80' lang='grc'>,</span> <span class='ocrx_word' id='word_1_300' title='bbox 2184 3335 2189 3346; x_wconf 67' lang='grc'><strong>,</strong></span> <span class='ocrx_word' id='word_1_301' title='bbox 2366 3313 2371 3316; x_wconf 95' lang='grc'>-</span> 
     </span>
    </p>

    <p class='ocr_par' dir='ltr' id='par_1_8' title="bbox 229 3345 2617 3610">
     <span class='ocr_line' id='line_1_35' title="bbox 312 3345 2617 3432; baseline 0.001 -20"><span class='ocrx_word' id='word_1_302' title='bbox 312 3349 356 3360; x_wconf 82' lang='grc'><em>”</em></span> <span class='ocrx_word' id='word_1_303' title='bbox 393 3349 514 3413; x_wconf 67' lang='grc'><strong>12.</strong></span> <span class='ocrx_word' id='word_1_304' title='bbox 558 3347 780 3430; x_wconf 65' lang='lat' dir='ltr'><strong>Huius</strong></span> <span class='ocrx_word' id='word_1_305' title='bbox 823 3357 1044 3414; x_wconf 78' lang='lat' dir='ltr'><strong>autem</strong></span> <span class='ocrx_word' id='word_1_306' title='bbox 1086 3348 1408 3414; x_wconf 80' lang='lat' dir='ltr'><strong>libertatis</strong></span> <span class='ocrx_word' id='word_1_307' title='bbox 1453 3371 1496 3413; x_wconf 90' lang='lat' dir='ltr'><strong>a</strong></span> <span class='ocrx_word' id='word_1_308' title='bbox 1537 3349 1753 3417; x_wconf 62' lang='lat' dir='ltr'><strong>nobis‘</strong></span> <span class='ocrx_word' id='word_1_309' title='bbox 1776 3369 2129 3417; x_wconf 85' lang='lat' dir='ltr'><strong>concessae</strong></span> <span class='ocrx_word' id='word_1_310' title='bbox 2154 3356 2219 3414; x_wconf 91' lang='lat' dir='ltr'><strong>et</strong></span> <span class='ocrx_word' id='word_1_311' title='bbox 2242 3345 2448 3432; x_wconf 74' lang='lat' dir='ltr'><strong>regali</strong></span> <span class='ocrx_word' id='word_1_312' title='bbox 2482 3370 2617 3414; x_wconf 90' lang='lat' dir='ltr'><strong>mu·</strong></span> 
     </span>
     <span class='ocr_line' id='line_1_36' title="bbox 241 3435 2611 3523; baseline -0 -20"><span class='ocrx_word' id='word_1_313' title='bbox 241 3435 588 3503; x_wconf 85' lang='lat' dir='ltr'><strong>nificentia</strong></span> <span class='ocrx_word' id='word_1_314' title='bbox 624 3436 922 3518; x_wconf 78' lang='lat' dir='ltr'><strong>donatae,</strong></span> <span class='ocrx_word' id='word_1_315' title='bbox 969 3435 1355 3523; x_wconf 86' lang='lat' dir='ltr'><strong>(praefatae)</strong></span> <span class='ocrx_word' id='word_1_316' title='bbox 1403 3435 1636 3510; x_wconf 89' lang='lat' dir='ltr'><strong>domus</strong></span> <span class='ocrx_word' id='word_1_317' title='bbox 1680 3435 1954 3504; x_wconf 88' lang='lat' dir='ltr'><strong>heredes</strong></span> <span class='ocrx_word' id='word_1_318' title='bbox 2000 3444 2257 3502; x_wconf 89' lang='lat' dir='ltr'><strong>nostros</strong></span> <span class='ocrx_word' id='word_1_319' title='bbox 2281 3446 2345 3502; x_wconf 87' lang='lat' dir='ltr'><strong>et</strong></span> <span class='ocrx_word' id='word_1_320' title='bbox 2358 3455 2611 3504; x_wconf 81' lang='lat' dir='ltr'><strong>succes·</strong></span> 
     </span>
     <span class='ocr_line' id='line_1_37' title="bbox 229 3523 1769 3610; baseline 0 -18"><span class='ocrx_word' id='word_1_321' title='bbox 229 3545 416 3592; x_wconf 88' lang='lat' dir='ltr'><strong>sores</strong></span> <span class='ocrx_word' id='word_1_322' title='bbox 457 3523 709 3595; x_wconf 74' lang='lat' dir='ltr'><strong>tutores</strong></span> <span class='ocrx_word' id='word_1_323' title='bbox 750 3525 1204 3610; x_wconf 62' lang='lat' dir='ltr'><strong>constituimus</strong></span> <span class='ocrx_word' id='word_1_324' title='bbox 1250 3533 1316 3594; x_wconf 85' lang='lat' dir='ltr'><strong>et</strong></span> <span class='ocrx_word' id='word_1_325' title='bbox 1375 3523 1769 3605; x_wconf 77' lang='lat' dir='ltr'><strong>defensores.</strong></span> 
     </span>
    </p>
   </div>
   <div class='ocr_carea' id='block_1_3' title="bbox 1269 3681 1579 3694">
    <p class='ocr_par' dir='ltr' id='par_1_9' title="bbox 1269 3681 1579 3694">
     <span class='ocr_line' id='line_1_38' title="bbox 1269 3681 1579 3694; baseline 0 1323"><span class='ocrx_word' id='word_1_326' title='bbox 1269 3681 1579 3694; x_wconf 95' lang='lat' dir='ltr'><strong> </strong></span> 
     </span>
    </p>
   </div>
   <div class='ocr_carea' id='block_1_4' title="bbox 1368 3785 1477 3852">
    <p class='ocr_par' dir='ltr' id='par_1_10' title="bbox 1368 3785 1477 3852">
     <span class='ocr_line' id='line_1_39' title="bbox 1368 3785 1477 3852; baseline 0.018 -2"><span class='ocrx_word' id='word_1_327' title='bbox 1368 3785 1477 3852; x_wconf 85' lang='lat'><strong>29.</strong></span> 
     </span>
    </p>
   </div>
   <div class='ocr_carea' id='block_1_5' title="bbox 595 3889 2057 4185">
    <p class='ocr_par' dir='ltr' id='par_1_11' title="bbox 595 3889 2057 4185">
     <span class='ocr_line' id='line_1_40' title="bbox 595 3889 2057 4011; baseline -0.003 -27"><span class='ocrx_word' id='word_1_328' title='bbox 595 3969 602 3992; x_wconf 83' lang='grc'>,</span> <span class='ocrx_word' id='word_1_329' title='bbox 708 3982 710 3984; x_wconf 74' lang='grc'>,</span> <span class='ocrx_word' id='word_1_330' title='bbox 783 3911 812 4001; x_wconf 75' lang='grc'><strong>,·</strong></span> <span class='ocrx_word' id='word_1_331' title='bbox 849 3915 866 3992; x_wconf 73' lang='lat' dir='ltr'>j</span> <span class='ocrx_word' id='word_1_332' title='bbox 915 3889 1248 4002; x_wconf 76' lang='lat' dir='ltr'><strong>statuta</strong></span> <span class='ocrx_word' id='word_1_333' title='bbox 1302 3895 1524 3996; x_wconf 78' lang='lat' dir='ltr'><strong>ducis</strong></span> <span class='ocrx_word' id='word_1_334' title='bbox 1582 3895 1912 3994; x_wconf 65' lang='lat' dir='ltr'><strong>ottonis</strong></span> <span class='ocrx_word' id='word_1_335' title='bbox 2050 4003 2057 4011; x_wconf 22' lang='lat'>⁵</span> 
     </span>
     <span class='ocr_line' id='line_1_41' title="bbox 836 4013 1975 4185; baseline -0.004 -108"><span class='ocrx_word' id='word_1_336' title='bbox 836 4019 1020 4097; x_wconf 63' lang='lat' dir='ltr'><strong>(wara</strong></span> <span class='ocrx_word' id='word_1_337' title='bbox 1051 4013 1618 4185; x_wconf 52' lang='lat' dir='ltr'><strong>inpuriorgiigsslus</strong></span> <span class='ocrx_word' id='word_1_338' title='bbox 1654 4015 1975 4088; x_wconf 72' lang='lat' dir='ltr'><strong>conradi.)</strong></span> 
     </span>
    </p>
   </div>
   <div class='ocr_carea' id='block_1_6' title="bbox 234 4241 2607 4414">
    <p class='ocr_par' dir='ltr' id='par_1_12' title="bbox 234 4241 2607 4414">
     <span class='ocr_line' id='line_1_42' title="bbox 441 4241 2607 4341; baseline -0.003 -14"><span class='ocrx_word' id='word_1_339' title='bbox 441 4259 530 4328; x_wconf 80' lang='lat' dir='ltr'><strong>Sic</strong></span> <span class='ocrx_word' id='word_1_340' title='bbox 561 4241 922 4328; x_wconf 82' lang='lat' dir='ltr'><strong>inscribuntur</strong></span> <span class='ocrx_word' id='word_1_341' title='bbox 955 4273 1100 4341; x_wconf 83' lang='lat' dir='ltr'><strong>leges</strong></span> <span class='ocrx_word' id='word_1_342' title='bbox 1136 4277 1188 4326; x_wconf 90' lang='lat' dir='ltr'><strong>et</strong></span> <span class='ocrx_word' id='word_1_343' title='bbox 1219 4274 1481 4339; x_wconf 81' lang='lat' dir='ltr'><strong>instituta,</strong></span> <span class='ocrx_word' id='word_1_344' title='bbox 1529 4265 1627 4324; x_wconf 77' lang='lat' dir='ltr'><strong>sub</strong></span> <span class='ocrx_word' id='word_1_345' title='bbox 1673 4271 1805 4323; x_wconf 86' lang='lat' dir='ltr'><strong>duce</strong></span> <span class='ocrx_word' id='word_1_346' title='bbox 1852 4269 2094 4324; x_wconf 78' lang='lat' dir='ltr'><strong>Conrado</strong></span> <span class='ocrx_word' id='word_1_347' title='bbox 2130 4271 2280 4338; x_wconf 59' lang='lat' dir='ltr'><strong>iupis</strong></span> <span class='ocrx_word' id='word_1_348' title='bbox 2317 4273 2353 4322; x_wconf 84' lang='lat' dir='ltr'><strong>i.</strong></span> <span class='ocrx_word' id='word_1_349' title='bbox 2393 4287 2437 4324; x_wconf 85' lang='lat' dir='ltr'><strong>e.</strong></span> <span class='ocrx_word' id='word_1_350' title='bbox 2474 4287 2569 4338; x_wconf 87' lang='lat' dir='ltr'><strong>pro</strong></span> <span class='ocrx_word' id='word_1_351' title='bbox 2586 4295 2607 4308; x_wconf 87' lang='lat'><em>-</em></span> 
     </span>
     <span class='ocr_line' id='line_1_43' title="bbox 234 4341 2605 4414; baseline -0.002 -18"><span class='ocrx_word' id='word_1_352' title='bbox 234 4345 444 4414; x_wconf 77' lang='lat' dir='ltr'><strong>vinciis,</strong></span> <span class='ocrx_word' id='word_1_353' title='bbox 480 4342 538 4397; x_wconf 80' lang='lat' dir='ltr'><strong>in</strong></span> <span class='ocrx_word' id='word_1_354' title='bbox 575 4358 708 4412; x_wconf 83' lang='lat' dir='ltr'><strong>quas</strong></span> <span class='ocrx_word' id='word_1_355' title='bbox 742 4349 884 4398; x_wconf 81' lang='lat' dir='ltr'><strong>terra</strong></span> <span class='ocrx_word' id='word_1_356' title='bbox 905 4343 1166 4396; x_wconf 77' lang='lat' dir='ltr'><strong>Bohemia</strong></span> <span class='ocrx_word' id='word_1_357' title='bbox 1187 4353 1264 4396; x_wconf 72' lang='lat' dir='ltr'><strong>ac</strong></span> <span class='ocrx_word' id='word_1_358' title='bbox 1299 4345 1542 4396; x_wconf 65' lang='lat' dir='ltr'><strong>Mox-avia</strong></span> <span class='ocrx_word' id='word_1_359' title='bbox 1578 4341 2039 4404; x_wconf 76' lang='lat' dir='ltr'><strong>distribuebantur,</strong></span> <span class='ocrx_word' id='word_1_360' title='bbox 2077 4341 2277 4411; x_wconf 74' lang='lat' dir='ltr'><strong>editae,</strong></span> <span class='ocrx_word' id='word_1_361' title='bbox 2315 4355 2449 4408; x_wconf 75' lang='lat' dir='ltr'><strong>quae</strong></span> <span class='ocrx_word' id='word_1_362' title='bbox 2482 4341 2605 4392; x_wconf 78' lang='lat' dir='ltr'><strong>Pre-</strong></span> 
     </span>
    </p>
   </div>
  </div>
 </body>
</html>
