3150 5017
489 285 789 334 unm.
1445 269 1921 338 —354-

495 446 902 527 tumounque
959 441 1248 528 poterint
1305 439 1388 508 do
1445 441 1715 508 metallo
1778 443 1997 510 medio
2053 451 2349 530 tempore
2408 463 2739 517 exsecare,
2806 450 2883 510 ut

487 525 633 612 jam
695 524 1102 608 praedictum
1166 537 1300 612 est3
1359 537 1426 594 et
1467 527 1622 596 ideo
1664 530 1759 612 fit,
1834 541 1909 596 ut
1971 529 2145 596 tardi
2205 531 2524 599 montium
2586 528 2881 595 cultores

495 623 943 697 provocentur
1001 614 1387 701 vigilantius
1447 615 1533 682 ad
1593 615 1927 704 laborem3
1986 616 2153 682 alias
2212 615 2389 682 male
2446 625 2763 704 ageretur
2796 615 2881 682 de

492 705 719 850 noletra
761 700 1120 854 repinblica,
1165 703 1221 766 si
1243 704 1701 798 unusquisque
1723 727 1841 793 pro
1865 725 1986 770 sua
2028 712 2323 770 nostrum
2370 701 2881 790 argentifodium

493 805 570 852 co
601 797 740 852 eret
785 808 872 854 vo
903 797 1153 858 untate.

1512 1059 1691 1141 Gap.
1737 1056 1861 1123 nl.

1011 1175 1111 1242 De
1159 1173 1648 1242 concessionibus
1692 1174 1787 1240 ad
1829 1183 2061 1240 cer-tum
2105 1183 2361 1261 tempus.

621 1395 626 1400 .
665 1311 799 1379 Sed
842 1312 930 1378 ad
975 1321 1224 1380 certum
1272 1313 1446 1381 diem
1492 1314 1662 1380 fiunt
1701 1315 2181 1395 concessiones,
2226 1335 2377 1378 cum
2426 1311 2885 1378 conceduntur

493 1396 580 1463 ad
625 1397 864 1464 festum
911 1399 1302 1466 Nativitatis
1345 1402 1618 1467 Domini
1681 1411 1797 1467 aut
1839 1399 2091 1466 Pascae
2134 1409 2250 1467 aut
2294 1399 2749 1486 Carnisprivii,
2814 1407 2885 1464 et

494 1486 590 1550 sic
635 1485 718 1552 de
762 1485 944 1571 aliis3
1001 1489 1350 1575 statimque
1397 1487 1504 1554 die
1547 1486 1949 1554 adveniente
1994 1489 2455 1554 concessiones
2518 1487 2881 1574 exspirant.

499 1570 574 1638 Si
619 1580 840 1638 autem
887 1573 1060 1640 infra
1121 1574 1294 1642 diem
1340 1575 1705 1642 Ianeonarii
1771 1573 2041 1660 aliquod
2099 1573 2642 1662 impedimentum
2689 1574 2885 1638 susti-

499 1661 766 1724 nuerint
822 1681 944 1745 per
1001 1660 1472 1747 negligentiam
1535 1659 1999 1748 principalium
2064 1661 2467 1742 colonorum,
2530 1661 2687 1746 quia
2742 1679 2885 1724 non

491 1755 847 1812 tenuerunt
892 1766 1128 1832 aquam
1160 1746 1576 1813 laneonarios
1615 1748 2145 1833 submergentem
2171 1753 2284 1812 aut
2306 1749 2582 1812 fecerint
2608 1743 2882 1834 aliquod

493 1852 661 1918 opus
705 1833 774 1896 in
820 1832 1274 1920 argentifodio,
1318 1856 1523 1922 quare
1566 1837 1746 1922 ipsos
1791 1857 1831 1900 a
1875 1836 2011 1899 suis
2033 1831 2373 1900 laboribus
2390 1853 2643 1900 cessare
2690 1853 2883 1918 opor·

489 1920 617 1984 tuit
657 1940 865 2006 usque
909 1918 996 1984 ad
1036 1920 1332 2008 ejusdem
1357 1922 2023 1988 consummationem:
2072 1919 2141 1985 id
2172 1923 2388 2006 ipsum
2413 1941 2569 1985 vero
2613 1930 2882 2005 tempus

489 2006 587 2070 sic
607 2006 982 2090 neglectum
1029 2015 1176 2093 post
1222 2008 1394 2074 diem
1415 2017 1819 2074 transactum
1854 2009 1950 2074 eis
1966 2007 2379 2093 integraliter
2424 2015 2524 2073 est
2567 2005 2883 2093 supplen-

491 2091 670 2168 dum,
731 2093 824 2158 ita
879 2102 955 2157 ut
1014 2093 1366 2181 utrobique
1428 2095 1629 2181 plena
1678 2095 1941 2181 justitia
2000 2093 2348 2160 tribuatur.
2439 2093 2757 2180 Alioquin
2806 2093 2881 2156 in

535 2187 813 2244 otestate
873 2189 1050 2245 esset
1107 2180 1572 2267 principalium
1637 2181 2039 2262 colonorum,
2103 2180 2523 2248 laneonarios
2584 2186 2885 2244 sectores

519 2265 794 2334 sciendo
840 2265 1110 2353 aliquod
1169 2267 1508 2334 maliciose
1553 2289 1721 2356 opus
1764 2268 2022 2352 inutile,
2068 2290 2108 2332 a
2153 2268 2289 2333 suis
2335 2263 2883 2334 concessionibus

488 2373 716 2454 usque·
760 2352 846 2418 ad
913 2362 1228 2418 statutum
1289 2356 1643 2421 terminum
1690 2355 2099 2422 submovere.
2162 2353 2357 2438 Quod
2418 2354 2867 2441 praecipimus

489 2439 654 2524 ipsis
696 2438 1074 2504 nullatenus
1119 2462 1252 2506 non
1297 2462 1556 2524 nocere,
1621 2441 1733 2508 sed
1781 2451 1989 2508 totum
2048 2452 2181 2508 tem
2233 2464 2311 2506 us
2354 2438 2733 2526 neglectum
2779 2441 2879 2504 sic

489 2522 794 2590 volumus
837 2527 998 2612 ipsis
1040 2527 1451 2614 integraliter
1494 2529 1877 2612 adimpleri3
1923 2549 2001 2594 eo
2045 2550 2174 2615 quo
2267 2526 2501 2594 melius
2547 2535 2666 2612 est,
2706 2527 2871 2612 jura

489 2611 786 2698 ipsorum
845 2613 1168 2680 inviolata
1228 2615 1595 2698 custodire,
1662 2637 1858 2704 quam
1926 2625 2075 2703 post
2132 2637 2397 2682 causam
2459 2612 2881 2680 vulneratam

491 2700 858 2766 remedium
901 2700 1223 2769 invenire.

1535 2880 1640 2945 Ga
1696 2925 1712 2943 .
1756 2877 1874 2945 lv.

957 2963 964 2972 .
1078 2999 1179 3063 De
1223 2896 1715 3066 concessionibgs
1748 2995 2271 3084 particularibus.

537 3131 550 3198 Ϊ
667 3134 840 3206 Sunt
893 3138 1166 3224 insuper
1230 3136 1557 3224 quaedam
1621 3136 2078 3204 concessiones
2153 3133 2607 3224 particulares,
2686 3141 2760 3198 ut
2818 3135 2880 3199 si

501 3242 672 3292 unus
715 3222 917 3306 solus,
960 3232 1077 3288 aut
1121 3225 1321 3289 etiam
1369 3222 1501 3289 duo
1545 3232 1803 3291 tantum
1864 3245 1951 3290 ex
1994 3223 2248 3289 colonis
2293 3243 2449 3289 suas
2492 3229 2711 3308 partes
2754 3242 2881 3306 pro

493 3319 694 3397 quota
739 3320 928 3396 parte
969 3309 1134 3376 lucri
1165 3311 1615 3376 concesserint
1638 3307 2068 3393 excolendas;
2120 3317 2185 3380 et
2231 3311 2286 3374 si
2331 3307 2465 3374 illis
2509 3306 2881 3373 cultoribus

491 3406 726 3484 postea
786 3396 1200 3484 displicuerit
1264 3396 1568 3462 laborare
1640 3397 1713 3465 in
1774 3395 2023 3462 eisdem
2084 3394 2645 3476 concessionibus,
2704 3391 2877 3460 illud

496 3483 898 3550 denunciare
974 3492 1282 3550 tenentur
1360 3484 1496 3549 suis
1572 3482 2107 3567 concessoribus,
2187 3491 2511 3570 quatenus
2588 3501 2659 3545 se
2735 3481 2878 3546 suis

493 3569 796 3660 partibus
853 3571 1327 3653 intromittant3
1401 3571 1695 3662 alioquin
1772 3569 2045 3658 perditis
2113 3570 2413 3657 partibus
2480 3589 2741 3654 quocun
2790 3589 2883 3634 ue

493 3658 691 3724 modo
735 3679 823 3723 ex
865 3659 1158 3744 ipsorum
1184 3657 1607 3744 negligentia,
1655 3657 1741 3728 ad
1786 3678 1981 3722 omne
2011 3658 2329 3725 interesse
2376 3656 2748 3720 concessori
2794 3676 2883 3720 us

437 3755 442 3760 ’
494 3745 999 3830 constriguntur.
1067 3743 1281 3827 Quam
1343 3743 1641 3830 regulam
1702 3745 1772 3811 in
1846 3745 2155 3815 omnibus
2217 3742 2542 3816 similibus
2606 3739 2883 3818 casibus

491 3831 714 3918 praeci
762 3836 932 3898 imus
976 3831 1348 3912 observari3
1415 3830 1719 3918 adjuvari
1780 3833 1956 3898 enim
2017 3853 2137 3896 nos
2183 3828 2499 3896 beneficio
2543 3829 2884 3906 convenit,

493 3937 630 3984 non
759 3918 958 4003 ecipi3
1036 3919 1202 3985 alias
1274 3926 1498 4005 posset
1574 3918 2027 4005 unusquisque
2110 3916 2530 3983 laneonarius
2613 3914 2884 3981 aliusve

541 4006 870 4091 uicunque
913 4003 1038 4068 hoc
1081 4003 1276 4072 modo
1335 4025 1527 4069 suum
1575 4025 2026 4071 concessorem
2089 4005 2225 4069 suis
2272 3999 2569 4089 partibus
2614 4001 2888 4068 defrau-

543 4113 686 4178 are;
750 4090 922 4156 unde
965 4089 1246 4155 maliciis
1305 4089 1644 4156 hominum
1708 4089 2151 4157 occurendum
2212 4099 2333 4173 est,
2358 4129 2365 4132 -
2395 4109 2479 4155 ne
2522 4088 2892 4156 videantur

498 4179 582 4243 de
627 4180 765 4243 suis
810 4175 1273 4264 iniquitatibus
1318 4178 1609 4263 gloriari.
