3150 5017
1125 307 1607 375 ...103-

190 477 292 563 jus
355 475 700 544 seduxerit
761 479 850 544 ad
893 477 1325 548 vendendum
1425 480 1532 546 vel
1576 481 1859 546 amicum
1906 480 2187 568 alicujus
2230 483 2567 548 seduxerit

193 562 290 630 vel
331 563 464 630 elio
507 564 702 632 modo
745 565 1174 636 alienaverit:
1215 589 1320 632 ro-
1423 567 1511 633 sd
1556 567 1999 645 vendendum,
2044 568 2154 635 vel
2196 569 2337 634 alio
2364 570 2563 636 modo

197 647 302 715 tali
341 671 598 737 poenae
641 652 1030 740 subjacebit.
1424 653 1839 722 alienaverit:
1878 654 2071 721 rotali
2115 677 2367 742 poenae
2410 655 2561 722 sub-

356 824 522 890 XLI.
591 829 652 906 ξ.
725 826 785 891 1.
855 825 1118 892 Nullius
1194 826 1312 892 ho-

195 910 374 974 minis
417 910 616 988 filius,
661 932 894 980 servus
931 921 997 977 et
1043 913 1318 995 amicus,

195 998 292 1082 qui
335 1019 452 1062 suo
497 1020 673 1084 pane
698 1002 1004 1080 vescitur,
1028 999 1178 1085 plus
1201 999 1315 1066 de-

195 1097 498 1150 tesserare
541 1086 774 1170 possit,
819 1107 1014 1172 quam
1049 1087 1174 1150 sub
1197 1108 1314 1151 suo

196 1168 440 1256 cingulo
463 1173 881 1253 continetur3
927 1180 992 1238 et
1037 1173 1150 1260 qui
1169 1172 1316 1258 plus

193 1257 358 1407 {331³
359 1257 662 1410 {2523}ss
666 1258 1312 1433 ‘'ghhd‘kssuss‘iiiffiss

194 1451 324 1494 cum
351 1430 538 1496 falsis
574 1431 934 1498 tesseribus
953 1430 1061 1496 vel
1091 1431 1312 1518 aliquo

194 1515 342 1582 falso
382 1516 542 1582 ludo
592 1517 888 1584 lucratus
947 1518 1146 1584 fuerit
1189 1517 1308 1585 ali-

195 1601 334 1688 quid
375 1604 460 1670 ab
505 1603 752 1692 alique,
777 1614 844 1670 et
865 1607 1167 1670 convinci
1193 1627 1308 1692 po-

191 1690 326 1754 terit
381 1690 642 1757 duobus
700 1690 1013 1758 testibus:
1073 1700 1140 1756 et
1197 1691 1310 1758 ille

195 1777 292 1862 qui
331 1775 636 1863 perdidit,
681 1779 752 1842 in
797 1777 981 1846 nullo
1027 1778 1169 1856 sibi,
1205 1800 1307 1843 re-

192 1863 540 1947 spondebit,
603 1863 723 1930 sed
781 1886 900 1950 pro
961 1863 1308 1951 deceptore

193 1948 471 2102 {mpliffi·
491 1949 852 2102 habebitug
887 1960 986 2105 {tt
993 1951 1205 2038 judici
1237 1953 1306 2016 in

291 2058 358 2102 so
453 2061 511 2104 is
555 2059 667 2103 res
715 2059 798 2103 on
850 2060 886 2102 e
933 2061 1002 2102 1.

344 2124 534 2192 XLII.
607 2060 736 2208 (1136
775 2123 1000 2212 eqm‘s.)
1047 2128 1105 2207 ξ.
1145 2125 1202 2189 1.
1236 2123 1308 2188 Si

194 2210 320 2294 quis
361 2233 398 2276 e
441 2233 603 2276 uum
651 2233 842 2276 suum
887 2233 1030 2276 cum
1045 2213 1308 2296 justitie

193 2296 406 2448 ἓξὲξ..
462 2320 688 2450 33ῖῖ
705 2297 1308 2470 ἒῗὲῗιιῖἓὲἒὲῗέ

192 2466 330 2534 dent
366 2472 642 2557 triginta
685 2469 958 2552 denarii,
1003 2473 1130 2536 scri
1179 2472 1303 2536 tori

194 2553 322 2622 duo.
367 2561 426 2640 ξ.
471 2561 531 2624 2.
589 2557 661 2622 Si
703 2566 924 2623 autem
971 2556 1082 2623 ille
1127 2495 1307 2640 dicit,

196 2662 254 2705 se
294 2663 528 2730 equum
579 2645 759 2732 apud
789 2643 994 2710 alium
1049 2647 1308 2727 emisse,

192 2737 248 2792 et
259 2729 334 2794 ad
364 2730 548 2797 illum
578 2730 723 2796 vult
767 2729 1112 2812 deducere,
1130 2731 1308 2819 quod

193 2813 408 2882 dicitur
449 2820 520 2883 in
586 2817 846 2902 vulgari
891 2816 1301 2884 schuben:

194 2901 274 2966 sic
292 2902 668 2987 deducetur,
694 2903 904 2970 donec
925 2925 1124 2970 verus
1150 2926 1306 2971 ven-

195 2985 343 3054 ditor
380 2991 778 3073 inveniatur,
847 2999 915 3056 et
955 3000 1116 3056 tunc
1151 3013 1305 3056 cum

186 3072 415 3157 justitie
441 3099 656 3166 equus
678 3075 1094 3144 obtinebitur.
1139 3083 1200 3160 ξ.
1247 3079 1306 3143 3.

193 3159 268 3225 Et
327 3166 380 3228 si
464 3166 615 3252 quis
701 3167 774 3230 in
869 3163 1088 3251 aliquo
1161 3165 1306 3230 loco

198 3267 412 3334 equum
447 3273 642 3318 suum
677 3250 974 3318 obtinere
1005 3249 1306 3333 voluerit,

195 3333 320 3419 ipse
331 3348 474 3405 -met
540 3358 693 3403 cum
745 3337 1004 3402 duobus
1061 3338 1306 3402 vicinis

201 3422 748 3578 issiojssffffiff
775 3445 1044 3594 ἐᾚρθὲῑ
1065 3446 1306 3575 ᾛέἷὲἒ

196 3591 406 3682 aliquis
434 3600 600 3666 civis
633 3620 875 3686 equum
917 3618 1104 3663 suum
1141 3595 1306 3662 obti-

197 3701 334 3748 nere
360 3685 660 3769 voluerit,
693 3707 841 3750 cum
873 3682 1012 3750 selo
1051 3685 1306 3750 concivi

199 3785 300 3832 suo
339 3780 400 3836 et
425 3773 557 3838 alio
591 3772 794 3858 probo
827 3773 970 3838 viro
1012 3778 1304 3838 met-ter·-

199 3853 314 3918 fiuss
353 3858 670 3930 obtinebit
687 3907 704 3942 ,
751 3857 1079 3926 consimili
1125 3859 1302 3944 jura-

198 3953 406 4011 mento.

350 4115 570 4186 XLIII.
667 4121 796 4203 (De
850 4121 1138 4186 invasore
1195 4119 1304 4184 dc·

201 4202 363 4284 mus).
435 4205 684 4274 Omnes
741 4207 1142 4277 unanimiter
1195 4227 1302 4270 re-

204 4292 326 4350 tum
365 4289 598 4360 habere
642 4295 968 4376 volumus,
1015 4297 1076 4377 ξ.
1127 4297 1184 4358 1.
1229 4301 1304 4357 ut

1371 743 1383 748 ’
1421 741 1687 827 jacebit.

1592 828 1764 893 XLI.
1810 829 1911 892 De
1980 829 2436 894 teneor-antam.
2497 833 2559 912 ξ.

1427 915 1480 978 1.
1541 913 1781 979 Nullus
1828 916 2110 980 hominis
2156 914 2351 997 filius,
2424 935 2557 980 ser-

1421 1021 1545 1065 vus
1591 1009 1659 1065 et
1702 1003 1973 1083 amicus,
2034 1003 2147 1087 qui
2207 1023 2327 1068 suo
2387 1022 2558 1088 pene

1419 1088 1724 1168 vescitur,
1770 1086 1922 1172 plus
1982 1088 2384 1154 detesserare
2443 1110 2556 1174 po-

1417 1181 1546 1238 test
1569 1221 1589 1255 ,
1651 1194 1846 1259 quam
1916 1174 2038 1238 sub
2104 1197 2224 1240 suo
2290 1174 2557 1260 cingulo

1417 1261 1821 1342 continetur3
1869 1269 1934 1326 et
1978 1262 2091 1347 qui
2181 1261 2283 1325 lus
2306 1263 2377 1326 in
2408 1262 2553 1347 ipso

1415 1345 1639 1434 aliquo
1714 1345 1871 1416 ludo
1926 1346 2125 1412 >lucra
2170 1349 2321 1428 itur,
2388 1346 2554 1411 nihil

1414 1432 1701 1498 habebit.
1749 1437 1809 1514 ξ.
1828 1434 1885 1496 2.
1931 1433 2021 1498 Et
2044 1435 2098 1497 si
2120 1433 2207 1498 ali
2260 1436 2359 1499 uis
2401 1454 2553 1498 cum

1414 1517 1598 1584 falsis
1656 1519 2015 1584 tesseribus
2060 1519 2165 1584 vel
2210 1543 2249 1584 a
2280 1522 2340 1585 ‘o
2383 1519 2553 1584 falso

1413 1606 1558 1671 luso
1604 1605 1897 1671 lucratus
1943 1606 2140 1671 fuerit
2172 1605 2421 1692 aliquid
2466 1605 2551 1671 ab

1413 1691 1564 1774 elio,
1588 1692 1931 1758 convictus
1950 1693 2207 1758 duobus
2237 1693 2551 1760 testibus:

1409 1777 1520 1844 hie
1576 1780 1690 1865 qui
1736 1778 2039 1862 perdidit,
2082 1780 2152 1843 in
2202 1778 2385 1844 nullo
2418 1779 2545 1844 sibi

1409 1864 1854 1953 respondebit,
1900 1866 2019 1930 sed
2042 1887 2160 1951 pro
2206 1866 2553 1951 deceptore

1411 1953 1695 2037 amplius
1740 1951 2109 2032 habebitur,
2156 1962 2221 2016 et
2234 1951 2447 2038 judici
2479 1954 2547 2016 in

1409 2037 1470 2102 X
1513 2037 1742 2104 solidis
1786 2037 2228 2122 respondebit.

1581 2123 1787 2190 XLII.
1820 2125 1921 2188 De
1944 2146 2234 2190 aneuauc
2256 2146 2550 2210 equorum

1397 2212 1814 2298 perditorum.
1862 2215 1925 2292 ξ.
1950 2217 2003 2276 1.
2032 2209 2103 2274 Si
2129 2212 2275 2297 quis
2306 2232 2547 2296 equum

1410 2319 1599 2363 suum
1648 2298 1825 2383 apud
1873 2297 2155 2384 aliquem
2196 2296 2549 2362 detinuerit

1408 2407 1556 2450 cum
1606 2385 1777 2472 jure,
1846 2385 2022 2470 quod
2068 2383 2313 2449 dicitur
2370 2405 2550 2449 ane-

1406 2493 1450 2535 u
1465 2493 1505 2535 a
1522 2493 1635 2554 nc,
1646 2470 1855 2556 judici
1886 2470 2123 2536 cedent
2144 2470 2418 2555 triginta
2440 2470 2547 2535 de-

1413 2559 1605 2640 narii,
1651 2557 1953 2644 scriptori
2000 2555 2149 2622 due.
2218 2561 2277 2638 ξ.
2324 2558 2385 2620 2.
2478 2555 2551 2622 Si

1411 2653 1633 2710 autem
1678 2643 1792 2709 ille
1838 2643 2099 2726 dixerit,
2167 2665 2239 2709 se
2304 2663 2548 2730 equum

1414 2731 1591 2818 apud
1630 2729 1830 2796 alium
1881 2731 2135 2805 emisse,
2158 2738 2225 2794 et
2246 2729 2331 2794 sd
2360 2728 2549 2794 illum

1413 2816 1557 2882 vult
1622 2816 1971 2898 deducere,
2043 2814 2218 2902 quod
2309 2816 2551 2880 dicitur

1409 2905 1480 2969 in
1567 2902 1827 2990 vulgari
1908 2901 2363 2968 schuben:
2454 2903 2551 2966 sic

1413 2990 1497 3056 de
1560 3012 1691 3056 uno
1759 2990 1845 3054 ad
1910 2991 2111 3053 elium
2167 2986 2548 3069 deducetur,

1413 3076 1625 3142 donec
1668 3098 1861 3143 verus
1906 3074 2213 3141 venditor
2254 3074 2549 3139 invenia-

1411 3173 1537 3247 tur,
1586 3174 1651 3228 et
1678 3172 1839 3229 tunc
1863 3185 2012 3227 cum
2042 3162 2295 3246 justitia
2339 3182 2547 3247 equus

1413 3249 1834 3316 obtinebitur.
1882 3254 1943 3332 ξ.
1968 3249 2028 3314 3.
2075 3247 2167 3312 Et
2200 3249 2256 3312 si
2288 3249 2433 3334 quis
2478 3249 2547 3313 in

1412 3339 1633 3423 aliquo
1669 3337 1815 3402 loco
1862 3357 2101 3422 equum
2146 3356 2337 3400 suum
2382 3333 2549 3400 obti-

1410 3445 1566 3489 nere
1582 3423 1883 3504 voluerit,
1906 3424 2208 3508 ipse-met
2224 3441 2374 3485 cum
2390 3419 2547 3486 duo-

1410 3510 1535 3576 bus
1579 3511 1817 3577 vicinis
1862 3509 1997 3574 suis
2033 3509 2409 3593 juramento
2442 3529 2546 3573 su:

1411 3619 1530 3684 per
1573 3618 1813 3684 equum
1856 3596 2170 3682 praestito
2210 3593 2545 3660 obtinebit.

1413 3689 1474 3768 §-
1534 3685 1599 3749 4.
1668 3682 1741 3748 Si
1800 3693 2015 3748 autem
2078 3681 2315 3767 aliquis
2380 3681 2547 3745 civis

1411 3791 1649 3858 equum
1677 3791 1867 3834 suum
1914 3768 2211 3835 obtinere
2246 3766 2546 3843 voluerit,

1411 3879 1562 3924 eum
1587 3878 1735 3922 cum
1762 3857 1899 3922 solo
1918 3856 2172 3920 concivi
2194 3873 2313 3918 suo
2328 3862 2395 3918 et
2416 3852 2547 3918 alio

1455 3944 1617 4010 robe
1664 3945 1827 4025 viro,
1872 3941 2275 4008 metotercius
2298 3939 2547 4006 obtine-

1409 3967 1506 4096 git
1549 4029 1879 4094 consimili
1913 4031 2308 4114 juramento,

1517 4115 1757 4181 XLIII.
1803 4117 1904 4180 De
1946 4117 2059 4178 hoc
2102 4115 2271 4201 quod
2314 4115 2548 4179 dicitur

1408 4204 1770 4268 heimsuche.
1854 4201 2103 4268 Omnes
2146 4203 2549 4267 unanimiter

1408 4299 1624 4356 ratum
1669 4289 1895 4356 haberi
1938 4287 2260 4372 volumus,
2308 4294 2367 4371 ξ.
2393 4291 2449 4353 1.
2474 4297 2547 4353 ut
