3150 5017
1137 1244 1825 1364 ΡΒΑΕΙ-ἈΤΙΟ.

487 1558 808 1646 Bohemia
848 1584 916 1647 et
956 1581 1243 1649 Moravia
1300 1600 1426 1665 quo
1473 1582 1691 1649 multis
1736 1582 1879 1649 aliis
1923 1581 2292 1663 regionibus
2336 1583 2674 1663 praestant

275 1683 400 1749 hoc
419 1683 732 1766 imprimis
777 1690 878 1753 est
921 1686 1114 1769 quod,
1160 1686 1284 1751 etsi
1313 1688 1581 1755 modicis
1614 1687 2017 1754 continentur
2060 1681 2313 1765 finibuS,
2358 1688 2429 1749 at
2470 1701 2667 1767 quum

278 1806 320 1853 a
362 1787 590 1853 vicinis
637 1786 1014 1863 Germaniae
1057 1790 1346 1873 partibus
1379 1792 1681 1861 continuo
1715 1790 2027 1858 montium
2058 1793 2126 1854 et
2154 1788 2434 1857 saltuum
2461 1790 2673 1853 tractu

278 1897 619 1975 separatae
661 1894 728 1958 in
771 1914 970 1969 unum
1028 1894 1398 1977 coaluerint,
1457 1896 1718 1979 antiquo
1756 1895 1888 1977 juri
1932 1893 2169 1961 slavico
2217 1892 2565 1961 excolendo
2610 1896 2681 1958 et

281 1997 582 2077 augendo
625 1999 810 2081 quasi
855 1998 1246 2067 domicilium
1295 2019 1372 2067 ac
1401 1999 1621 2067 sedem
1660 2000 2111 2083 praebuerunt,
2158 1998 2272 2064 ubi
2312 1997 2475 2063 illud
2514 2014 2677 2079 pau-

285 2100 474 2167 latim
531 2120 650 2185 per
703 2103 913 2172 varios
973 2108 1256 2171 aetatum
1314 2104 1550 2187 gradus
1610 2105 1695 2170 ad
1754 2108 1999 2171 tantam
2060 2101 2553 2185 amplitudinem.
2612 2105 2681 2167 et

287 2205 542 2288 copiam
587 2206 934 2273 adductum
975 2214 1094 2293 est,
1142 2214 1213 2275 ut
1253 2214 1605 2293 perpetuae
1635 2208 1941 2277 historiae
1974 2206 2407 2276 contexendae
2438 2206 2687 2287 largam

283 2310 597 2393 praebere
640 2312 970 2379 materiem
1011 2314 1236 2397 possit.
1281 2314 1380 2381 Ibi
1421 2312 1801 2397 praesertim
1846 2313 2075 2393 evenit,
2120 2316 2194 2378 ut
2225 2311 2402 2377 varia
2416 2326 2687 2392 ‚quoque

279 2414 448 2497 juris
506 2415 852 2495 germanici
910 2434 1147 2498 genera
1201 2436 1322 2485 nec
1379 2437 1508 2486 non
1543 2417 1653 2499 jus
1700 2417 2072 2483 canonicum
2116 2420 2309 2497 atque
2350 2431 2684 2483 romanum

289 2536 436 2584 cum
493 2518 702 2601 patrio
737 2518 1094 2609 slavorum
1143 2522 1290 2605 jure
1336 2520 1701 2605 conflueret,
1761 2521 1931 2588 unde
1988 2538 2191 2589 novae
2241 2520 2407 2604 juris
2450 2517 2693 2587 formae

290 2626 551 2690 exortae
596 2628 768 2691 sunt.

462 2725 646 2793 Illius
696 2729 862 2812 juris
919 2730 1116 2812 igitur
1165 2728 1376 2797 fontes
1439 2734 1505 2795 et
1562 2732 1775 2814 capita
1834 2735 1907 2795 ut
1948 2730 2015 2795 in
2058 2749 2257 2797 unum
2301 2727 2686 2809 colligantur

289 2837 486 2915 atque
545 2831 834 2916 edantur,
892 2853 1112 2903 omnes
1172 2835 1282 2916 qui
1340 2834 1424 2901 ad
1482 2833 1817 2901 historiam
1860 2832 2205 2901 Bohemiae
2251 2837 2319 2899 et
2358 2830 2683 2899 Moraviae

288 2934 576 3001 stu‘dium
604 2953 989 3021 operamque
1021 2936 1374 3021 conferunt,
1422 2956 1669 3005 summe
1717 2943 2041 3021 exoptant,
2087 2938 2263 3005 haud
2298 2936 2504 3019 ignari
2532 2932 2691 3016 fore,

291 3046 393 3107 ut-
423 3037 541 3105 tali
589 3040 754 3122 juris
816 3042 1035 3109 codice
1097 3042 1383 3110 confecto
1443 3062 1572 3110 non
1633 3045 1844 3131 solum
1900 3042 2109 3111 fontes
2152 3042 2325 3108 unde
2367 3039 2691 3107 uberrima

283 3145 453 3230 juris
513 3146 790 3228 cognitio
851 3150 1122 3228 emanet,
1183 3147 1552 3229 aperiantur
1567 3199 1585 3230 ,
1655 3148 1773 3215 sed
1828 3146 2309 3229 progressiones
2378 3162 2539 3230 quas
2606 3142 2692 3208 ad

296 3251 540 3317 cultum
583 3251 928 3317 humanum
971 3251 1350 3333 civilemque
1393 3252 1681 3335 singulae
1742 3256 1987 3319 aetates
2048 3249 2355 3332 fecerunt,
2415 3248 2593 3317 velut
2634 3248 2703 3317 in

295 3354 522 3423 tabula
567 3354 859 3439 depictae
906 3354 1703 3439 conspiciantur..

473 3460 808 3543 Praecipui
851 3464 1065 3525 autem
1105 3460 1552 3543 potissimique
1612 3458 1822 3528 fontes
1860 3460 2025 3543 ¹iuris
2068 3458 2411 3528 bohemici
2430 3475 2699 3539 cognos-

301 3564 490 3645 cendi
533 3569 685 3634 sunt
731 3566 786 3631 l.
831 3562 1088 3629 tabulae
1129 3573 1360 3646 terrae,
1406 3568 1466 3629 2.
1513 3562 1670 3628 libri
1710 3566 1820 3649 qui
1862 3564 2043 3647 leges
2086 3569 2155 3633 et
2192 3564 2341 3647 ¹iura
2384 3562 2490 3636 vel
2527 3562 2693 3644 juris

309 3668 742 3735 consultorum
763 3666 1248 3736 commentarios
1280 3668 1805 3751 complectuntur,
1850 3674 2185 3751 praeterea
2216 3672 2274 3732 3.
2300 3664 2699 3749 syngraphae

247 3838 266 3857 ‚
309 3776 376 3837 et
413 3772 580 3839 aliae
625 3772 694 3837 id
736 3790 936 3853 genus
980 3765 1219 3838 literae.
1277 3773 1363 3838 Et
1405 3772 1752 3839 Bohemiae
1798 3772 2057 3854 quidem
2100 3770 2361 3837 tabulae
2386 3770 2700 3838 'incendio

306 3896 364 3943 a.
416 3878 584 3942 1541
631 3878 968 3943 maximam
1023 3882 1274 3959 partem
1335 3882 1488 3943 sunt
1541 3878 1921 3960 absumptae
1940 3898 1975 3957 3.
2016 3880 2086 3942 at
2121 3874 2385 3941 tabulae
2428 3872 2705 3941 Moravi-

310 3999 500 4047 enses
544 3984 612 4046 et
655 3978 998 4046 Silesiacae
1042 3999 1246 4063 usque
1290 3981 1373 4047 ad
1416 3979 1587 4047 hunc
1632 3979 1801 4046 diem
1844 3980 2194 4048 incolumes
2233 3983 2705 4045 conservantur.

312 4083 532 4150 Nihilo
575 4088 792 4149 tamen
836 4084 1045 4151 secius
1105 4085 1174 4151 id
1231 4086 1484 4153 videtur
1541 4103 1735 4169 posse
1792 4086 2136 4169 praestari,
2197 4090 2271 4151 ut
2340 4085 2711 4151 combustae

313 4188 570 4255 tabulae
625 4186 997 4255 bohemicae
1060 4208 1138 4255 ex
1195 4190 1338 4257 aliis
1402 4209 1566 4273 quae
1612 4188 1695 4255 ad
1740 4196 1960 4255 nostra
2001 4194 2292 4273 tempora
2334 4194 2707 4256 manserunt

314 4288 518 4356 literis
563 4295 629 4356 et
671 4309 750 4356 ex
791 4292 974 4359 libris
1033 4294 1146 4375 qui
1209 4294 1290 4362 de
1342 4294 1486 4377 jure
1547 4298 1816 4377 exstant,
1878 4293 2093 4375 aliqua
2136 4293 2362 4359 saltem
2407 4312 2485 4357 ex
2527 4298 2711 4374 parte

318 4393 685 4462 reficiantur
729 4402 796 4461 et
837 4398 1384 4466 reconcinnentur.
