3150 5017
1168 272 1758 341 -207-51

248 463 421 525 neusf
446 455 667 533 postea
725 446 991 513 domino
1050 445 1339 511 Henrico
1398 455 1465 511 et
1522 446 1836 515 fratribus
1899 447 2036 513 suis
2095 448 2304 534 primo
2371 446 2584 529 dictis,

248 543 450 621 postea
479 533 713 621 juratis
758 532 989 599 laneus
1036 551 1205 598 unus
1252 534 1421 597 sicut
1464 536 1624 619 regi.

395 621 489 687 68.
531 619 1100 686 Mensuratoribus
1176 622 1417 688 montis
1479 619 1814 690 dabuntur
1870 628 2156 707 quatuor
2197 620 2406 709 'solidi
2466 643 2585 711 pro

244 708 427 793 pretio
468 706 994 773 mensurationis.

392 794 488 860 69.
531 794 613 862 In
650 796 803 882 jure
848 795 1208 859 mensurati
1252 795 1493 860 montis
1526 793 1832 861 volumus
1876 792 2122 861 habere
2165 795 2236 859 in
2283 816 2360 860 eo
2407 793 2584 881 quod

244 880 457 947 dicitur
496 882 738 947 imme
782 879 941 946 han
1016 880 1312 963 enden,
1373 890 1505 947 tres
1568 880 1798 948 laneos
1859 888 1924 947 et
1970 880 2332 965 dimidium,
2389 882 2462 947 in
2507 903 2586 949 eo

244 967 393 1054 quod
436 967 671 1035 dicitur
714 970 959 1034 imme
1012 968 1405 1053 igenden,
1450 991 1656 1035 unum
1713 968 2004 1051 laneum,
2063 966 2478 1037 altitudinem
2523 978 2589 1035 et

240 1054 611 1140 profundum
654 1057 725 1120 in
772 1054 1034 1144 aequali
1078 1062 1346 1121 statura.

390 1143 486 1207 70.
532 1143 945 1229 Quicumque
988 1141 1383 1208 laboraverit
1426 1144 1495 1207 in
1542 1165 1618 1209 eo
1664 1142 1840 1229 quod
1885 1142 2126 1207 dicitur
2181 1142 2445 1208 stollo
2505 1151 2574 1210 et

236 1228 545 1295 metallum
605 1231 950 1307 invenerit,
1026 1228 1590 1295 mensurabuntur
1650 1232 1709 1294 ei
1769 1237 2023 1315 septem
2081 1230 2259 1297 lanei
2307 1228 2387 1297 de
2431 1230 2576 1317 ipso

236 1313 361 1380 loco
403 1326 465 1381 et
497 1318 617 1405 jus
661 1315 941 1381 aliorum
972 1317 1326 1401 montium3
1375 1318 1429 1381 si
1475 1338 1630 1382 vero
1677 1338 1764 1381 ex
1808 1337 2134 1381 consensu
2179 1327 2246 1382 et
2290 1315 2372 1383 de
2416 1318 2584 1383 scitu

227 1401 449 1487 judicis
490 1404 602 1469 vel
644 1403 825 1468 illius
871 1404 983 1489 qui
1028 1412 1281 1469 montes
1324 1406 1622 1490 porrigit,
1667 1405 1737 1469 in
1761 1424 1838 1469 eo
1863 1404 2040 1490 quod
2088 1404 2325 1470 dicitur
2369 1403 2586 1486 stelle,

234 1492 362 1575 quis
402 1488 829 1559 laboraverit:
890 1512 1083 1556 nemo
1129 1510 1246 1577 per
1287 1498 1421 1557 tres
1463 1490 1689 1557 laneos
1732 1499 1798 1556 et
1842 1489 2188 1557 dimidium
2233 1500 2388 1558 ante
2433 1512 2583 1557 eum

238 1585 293 1642 et
328 1586 471 1663 post
512 1598 665 1644 eum
710 1577 1030 1665 impedire
1072 1586 1468 1664 praesumat.
2269 1632 2274 1639 .

387 1664 483 1731 71.
528 1664 604 1731 Si
650 1686 837 1731 mons
883 1663 989 1729 vel
1036 1663 1229 1730 stollo
1253 1666 1365 1749 qui
1409 1664 1654 1730 fuerint
1685 1668 2064 1749 mensurati,
2111 1665 2350 1731 deserti
2377 1664 2577 1731 relin-

235 1759 515 1835 quuntur,
542 1750 652 1816 die
674 1752 1001 1817 dominico
1024 1772 1243 1817 coram
1266 1751 1509 1838 populo
1542 1751 2071 1839 proclamabitur,
2094 1761 2167 1817 ut
2190 1753 2281 1817 hii
2307 1773 2585 1839 quorum

236 1845 367 1924 sunt
404 1846 647 1924 partes,
691 1837 1031 1923 laborent3
1094 1836 1271 1925 quod
1336 1841 1391 1903 si
1452 1860 1589 1904 non
1645 1838 1940 1925 fecerint,
1997 1841 2350 1906 transactis
2409 1838 2579 1905 XIV

237 1922 441 1991 diebus
502 1928 742 1991 iterum
802 1924 1261 2012 proclametur.
1348 1924 1420 1990 Si
1485 1947 1642 1991 vero
1699 1936 1859 1993 tunc
1917 1949 2052 1993 non
2113 1924 2586 2009 laboraverint,

237 2010 325 2077 die
366 2012 691 2078 dominico
753 2021 941 2078 sexto
1002 2034 1123 2098 pro
1176 2012 1327 2099 jure
1388 2012 1637 2078 domini
1695 2016 1873 2101 regis
1934 2014 2129 2079 detur
2185 2012 2311 2077 tali*
2367 2011 2583 2095 modo,

238 2099 282 2160 si
332 2120 515 2165 nemo
565 2098 811 2164 dictum
858 2107 1143 2164 montem
1189 2120 1310 2185 pro
1371 2110 1604 2185 quarta
1660 2101 1768 2167 vel
1814 2102 2046 2188 quinta
2089 2098 2198 2166 vel
2243 2108 2433 2165 sexta
2475 2098 2583 2165 vel

236 2188 485 2272 septima
579 2196 718 2252 arte
764 2186 1099 2273 suscipere
1141 2185 1442 2252 voluerit.

385 2274 486 2341 72.
586 2275 608 2337 i
652 2274 799 2360 quis
844 2295 1033 2337 mons
1076 2271 1280 2337 alium
1325 2282 1611 2339 montem
1648 2295 1768 2360 per
1811 2296 2050 2361 aquam
2096 2272 2394 2359 impedit,
2439 2281 2588 2361 post

232 2366 348 2425 tres
390 2360 528 2427 dies
577 2382 765 2425 mons
824 2360 1193 2447 impediens
1238 2359 1553 2448 impedito
1601 2364 1808 2429 monti
1853 2369 2320 2449 praesentetur,
2373 2360 2590 2449 judici

231 2454 367 2513 ante
407 2456 506 2513 ter
548 2448 1006 2535 pronunciata

390 2536 487 2602 73.
535 2534 609 2601 Si
655 2535 803 2622 quis
846 2533 929 2600 de
974 2554 1301 2600 consensu
1341 2543 1409 2599 et
1454 2534 1622 2600 seitu
1644 2535 1896 2621 judicis
1941 2534 2344 2601 laboraverit
2385 2535 2459 2599 in
2500 2555 2580 2601 eo

230 2620 393 2705 quod
432 2622 675 2689 dicitur
716 2621 911 2688 stollo
970 2630 1037 2688 et
1093 2622 1164 2686 in
1224 2630 1445 2686 monte
1502 2630 1880 2689 mensurato
1939 2631 2006 2688 et
2063 2622 2340 2705 deserte,
2403 2623 2458 2687 si
2503 2621 2591 2688 ad

228 2704 477 2775 laneum
522 2708 953 2795 burgensium
1012 2709 1156 2773 sine
1216 2728 1540 2773 consensu
1600 2711 1894 2795 ipsorum
1953 2711 2344 2796 pervenerit,
2409 2717 2587 2773 tran-

232 2795 378 2861 situs
419 2798 631 2883 ipsius
676 2795 973 2862 stollonis
1016 2797 1087 2861 in
1132 2792 1472 2861 voluntate
1514 2795 1944 2882 burgensium
1987 2796 2304 2862 consistit.

388 2884 487 2950 74.
535 2883 611 2949 Si
654 2892 876 2949 autem
937 2882 1019 2948 de
1065 2903 1394 2948 consensu
1450 2883 1746 2967 ipsorum
1791 2882 1954 2948 illuc
2015 2882 2411 2969 pervenerit,
2457 2880 2582 2947 sub

238 2969 531 3037 mediocri
577 2971 860 3037 hominis
904 2979 1153 3035 statura
1198 2970 1313 3056 qui
1357 2990 1481 3035 nec
1524 2968 1762 3056 longus
1792 2992 1914 3037 nec
1959 2968 2180 3035 brevis
2225 2970 2432 3055 possit
2477 2969 2588 3034 ad·

234 3058 397 3134 verti,
440 3058 745 3145 apposita
786 3054 1198 3143 longitudine
1230 3078 1463 3122 manus
1489 3056 1932 3143 pertransibit,
1981 3056 2166 3121 salvo
2203 3058 2354 3143 jure
2399 3054 2584 3121 vide-

231 3139 385 3224 licet,
428 3154 750 3231 quantum
791 3141 1192 3210 transeundo
1231 3165 1428 3229 super
1473 3144 1555 3209 de
1593 3166 1665 3209 se
1702 3165 1926 3211 secare
1962 3144 2266 3229 potuerit,
2313 3143 2455 3209 sine
2479 3164 2592 3209 ex-

232 3232 435 3313 pensis
479 3231 784 3297 absolute
827 3229 1097 3300 tenebit.

394 3320 493 3386 75.
538 3318 649 3384 Ita
694 3320 749 3385 si
792 3318 862 3383 in
906 3316 1243 3405 praedicto
1288 3315 1481 3383 laneo
1526 3317 1742 3382 fuerat
1783 3318 1968 3403 prius
2011 3315 2403 3381 laboratum.

387 3406 491 3471 76.
537 3405 619 3470 In
646 3404 861 3471 medio
888 3407 1082 3471 etiam
1126 3403 1302 3469 lanei
1326 3425 1528 3491 super
1556 3403 1949 3490 profundius
1995 3401 2250 3469 sedebit
2292 3412 2358 3469 et
2403 3402 2590 3491 quid·

230 3490 377 3574 quid
417 3490 589 3557 lucri
651 3492 823 3557 ferro
884 3492 1197 3558 mediocri
1258 3492 1490 3557 subtus
1536 3513 1606 3557 se
1665 3490 1907 3557 habere
1953 3491 2256 3579 potuerit,
2303 3488 2388 3555 ad
2431 3512 2590 3557 usus

230 3597 371 3642 suos
416 3579 609 3645 cedet
651 3579 901 3665 absque
948 3580 1126 3643 omni
1168 3578 1657 3665 impedimentO.

392 3666 493 3731 77.
540 3665 614 3731 Si
658 3676 877 3732 autem
936 3665 1299 3753 burgenses
1368 3664 1784 3751 postmodum
1862 3665 1969 3731 vel
2029 3667 2424 3752 quicumque
2485 3664 2591 3749 sit,

230 3750 567 3818 stollonem
614 3774 805 3818 suum
851 3755 1295 3819 necessarium
1332 3752 1657 3829 habuerit,
1703 3760 2004 3838 quartam
2049 3759 2301 3839 partem
2349 3772 2591 3837 expen-

239 3836 321 3901 sis
364 3840 501 3905 suis
550 3839 919 3907 elaborabit
962 3849 1027 3907 et
1072 3838 1414 3905 obtinebit.

396 3927 499 3993 78.
550 3924 965 4014 Ubicumque
1011 3948 1201 3993 mons
1246 3926 1486 4014 aliquis
1530 3947 1880 3991 mensurae
1915 3924 2333 4013 adjudicatus
2379 3924 2595 4009 fuerit,

232 4007 617 4096 impediente
662 4034 968 4081 mensura
1026 4014 1297 4079 alterius
1360 4015 1621 4088 montis,
1680 4011 1990 4079 videlicet
2048 4011 2242 4078 laneo
2321 4015 2592 4099 burgen-

236 4096 409 4179 sium,
450 4101 547 4165 ita
593 4100 769 4188 quod
811 4110 943 4167 tres
986 4100 1213 4167 laneos
1258 4109 1325 4166 et
1369 4100 1711 4165 dimidium
1759 4099 1845 4165 ad
1883 4100 2099 4165 minus
2133 4098 2426 4166 obtinere
2457 4122 2593 4167 non

237 4186 443 4269 possit,
488 4188 827 4275 praedicta
872 4210 1177 4253 mensura
1236 4189 1390 4253 novi
1436 4187 1676 4251 montis
1735 4187 1804 4251 in
1851 4188 2042 4251 metis
2086 4187 2258 4253 lanei
2310 4186 2590 4275 burgen-

243 4270 395 4337 sium
462 4283 675 4341 sumet
740 4276 1003 4343 initium
1062 4285 1129 4343 et
1194 4276 1289 4341 sic
1334 4296 1711 4341 mensuram
1757 4273 2048 4340 debitam
2096 4272 2420 4343 obtinebit
2467 4274 2594 4341 VH
