3150 5017
552 312 686 361 ms.
733 312 832 359 m.
1500 326 1584 337 -
1674 289 1799 355 348
1886 326 1975 339 —-

549 475 762 533 totum
822 462 1125 533 excolere
1185 462 1321 528 suis
1382 460 1758 549 sumptibus
1818 472 1883 527 et
1942 463 2273 549 expensis,
2342 460 2657 549 eligentes
2714 484 2793 528 ex
2830 482 2898 527 eo

555 552 791 619 melius
849 573 928 617 ac
971 557 1287 638 quantum
1334 547 1461 615 sibi
1505 549 1668 635 ipsis
1712 548 2043 615 voluerint
2066 548 2154 615 ad
2180 548 2549 631 colendum,
2594 550 2904 617 residuum

557 661 713 707 vero
758 658 878 726 pro
921 646 1126 725 quota
1185 644 1372 722 parte
1432 634 1621 717 lucri,
1681 647 1877 723 prout
1936 638 2112 703 inter
2154 657 2269 703 eos
2312 637 2712 719 convenerit,
2768 657 2904 703 con-

555 726 845 793 cedatur.
895 729 956 809 §-
989 725 1050 789 2.
1093 722 1136 790 J
1139 744 1254 789 ure
1301 730 1521 789 autem
1546 732 2005 789 montanorum
2024 725 2361 790 concessio
2386 733 2488 789 est
2535 722 2618 791 de
2644 744 2904 810 persona

598 836 672 878 ro
718 820 920 898 quota
966 819 1151 897 parte
1173 810 1338 874 lucri
1364 830 1718 876 concessae
1742 811 1840 875 rei
1864 808 2213 875 translatio
2238 809 2439 876 aliam
2462 811 2533 877 in
2555 831 2900 897 personam.

593 908 734 965 stae
779 920 939 965 vero
985 896 1440 963 concessiones
1485 895 1697 963 modis
1743 896 1945 962 variis
1994 896 2466 977 conceduntur,
2528 896 2901 983 quandoque

554 1008 673 1073 pro
719 985 939 1051 media
981 994 1167 1071 parte
1227 982 1414 1065 lucri,
1476 981 1873 1069 quandoque
1933 1005 2050 1069 pro
2112 984 2326 1065 tertia,
2388 991 2503 1050 ant
2550 992 2795 1069 quarta,
2850 990 2907 1047 et

554 1075 650 1138 sic
694 1071 870 1137 ultra
927 1080 996 1135 et
1058 1069 1253 1150 infra,
1311 1079 1506 1157 prout
1565 1068 2078 1155 argentifodium
2138 1069 2335 1136 fuerit
2392 1068 2797 1135 fructuosum
2852 1077 2908 1133 et

553 1162 729 1225 inter
751 1179 822 1223 se
849 1158 1253 1222 conveniunt
1276 1153 1771 1239 contrahentes,
1819 1155 1991 1221 aliae
2015 1178 2174 1222 vero
2198 1156 2441 1221 multae
2468 1158 2907 1222 concessiones

552 1242 656 1309 his
703 1242 1194 1309 conditionibus
1238 1245 1636 1325 inseruntur,
1684 1244 1854 1308 sicut
1898 1244 2159 1329 plenius
2203 1243 2377 1308 infra
2423 1242 2737 1309 dicemus.
2781 1246 2838 1326 ἓ.
2854 1243 2905 1307 3.

553 1331 686 1397 Sed
731 1352 880 1395 cum
927 1353 966 1394 a
1012 1330 1228 1415 capite
1271 1328 1532 1401 edenda
1592 1330 1678 1394 sit
1722 1331 1888 1394 ratio
1952 1330 2033 1395 de
2092 1330 2657 1411 concessionibus,
2717 1332 2907 1418 primo

554 1438 724 1505 quae
767 1417 936 1482 fiunt
979 1438 1098 1501 per
1141 1414 1525 1481 urburarios
1570 1417 1638 1479 in
1684 1416 1896 1481 laneis
1957 1418 2197 1482 nostris
2256 1425 2323 1481 et
2367 1415 2908 1503 superfluitatibus

553 1504 916 1586 videamus,
961 1504 1031 1567 in
1078 1502 1317 1588 quibus
1363 1502 1815 1588 principaliter
1858 1511 1961 1568 est
1981 1504 2165 1589 regia
2208 1502 2459 1568 utilitas
2504 1496 2909 1582 attendenda,

553 1612 640 1657 ne
684 1611 886 1655 causa
926 1589 1210 1675 alicujus
1253 1589 1418 1653 lucri
1464 1589 1725 1675 privati,
1784 1610 1997 1674 neque
2058 1590 2296 1655 effect-u
2341 1590 2909 1675 consanguinitatis

552 1685 668 1742 aut
711 1677 978 1758 favoris,
1024 1684 1138 1741 aut
1182 1674 1572 1751 dilectionis,
1620 1686 1735 1741 aut
1764 1677 1961 1741 etiam
2000 1677 2256 1741 timoris
2285 1675 2566 1762 alicujus
2604 1697 2907 1764 personae

554 1786 675 1851 pro
721 1764 959 1827 minori
1018 1762 1414 1848 proprietate
1475 1783 1674 1848 quam
1734 1761 1949 1845 liceat,
2012 1762 2470 1846 conferantur3
2530 1784 2688 1828 nam
2734 1771 2806 1827 ut
2843 1783 2909 1829 eo

555 1852 767 1935 major
827 1850 1198 1936 proprietas
1271 1847 1463 1914 nobis
1525 1848 1609 1913 de
1668 1850 1911 1915 nostris
1972 1848 2183 1915 laneis
2242 1859 2308 1915 et
2368 1849 2909 1935 superfluitatibus

559 1937 910 2013 derivetur,
972 1933 1276 2000 volumus
1321 1956 1436 2001 eos
1481 1957 1680 2001 easve
1741 1935 2015 2001 concedi
2061 1944 2397 2022 perpetuo,
2459 1936 2564 2001 vel
2610 1934 2909 2023 quamdiu

553 2024 867 2109 temporis
912 2020 1140 2087 utifrui
1207 2023 1515 2107 poterint,
1560 2024 1903 2108 recepturi,
1951 2021 2307 2088 dummodo
2333 2023 2427 2088 eis
2450 2024 2725 2089 minime
2766 2024 2910 2089 abu-

552 2118 810 2192 tantur3
856 2111 1012 2194 quia
1070 2108 1488 2195 privilegium
1548 2118 1837 2175 meretur
1873 2110 2262 2190 ammittere,
2307 2111 2419 2196 qui
2464 2108 2762 2175 abutitur.
2802 2108 2909 2173 sibi

552 2197 795 2262 tradita
841 2204 1185 2281 potestate.
1235 2199 1294 2279 ὅ.
1340 2201 1402 2261 4.
1451 2194 1775 2261 Volumus
1808 2198 2006 2261 etiam
2039 2218 2125 2262 ex
2166 2197 2399 2261 innata
2442 2194 2640 2263 nobis
2686 2196 2908 2284 pietate

552 2284 794 2348 nostris
855 2281 1134 2347 subditis
1193 2281 1262 2346 in
1325 2280 1828 2368 quibuscunque
1890 2283 2227 2349 valeamus
2287 2282 2538 2349 illicitis
2594 2282 2908 2370 gravami-

556 2368 751 2435 nibus
796 2368 1166 2455 providere,
1214 2368 1585 2451 statuendo,
1650 2378 1724 2433 ut
1783 2368 2105 2455 quidquid
2172 2368 2503 2435 urburarii
2547 2375 2760 2436 nostri
2802 2369 2909 2434 rite

556 2478 636 2521 ac
678 2454 1155 2521 rationabiliter
1211 2464 1508 2540 tempore
1570 2475 1689 2520 suo
1736 2464 2198 2521 concesserunt
2244 2458 2387 2522 sine
2432 2455 2602 2539 dolo,
2672 2458 2743 2521 in
2785 2454 2910 2521 nul·

561 2541 837 2627 lumque
895 2551 1190 2607 nostrum
1252 2542 1731 2627 praejudicium
1794 2552 1908 2607 aut
1965 2564 2325 2628 gravamen
2346 2593 2362 2624 ,
2424 2544 2537 2608 alii
2598 2541 2908 2609 urburarii

557 2629 805 2693 eisdem
852 2626 1085 2692 aliisve
1127 2630 1198 2693 in
1242 2627 1491 2694 urbura
1552 2628 2004 2711 succedentes,
2068 2628 2445 2695 nullatenus
2489 2629 2614 2695 hoc
2663 2630 2912 2695 valeant

557 2734 907 2794 revocare;
953 2736 1108 2779 nam
1132 2713 1302 2779 bene
1326 2717 1635 2781 convenit
1658 2715 1985 2781 humanae
2018 2718 2275 2793 rationi,
2322 2725 2395 2783 ut
2418 2718 2635 2782 socius
2681 2716 2911 2782 laboris

555 2802 642 2867 sit
684 2810 752 2867 et
791 2821 1059 2866 consors
1083 2799 1585 2885 consolationis;
1632 2824 1778 2867 eum
1805 2802 2149 2887 indignum
2198 2804 2299 2878 sit,
2360 2811 2434 2867 ut
2496 2824 2573 2869 eo
2618 2812 2911 2882 ammeta,

554 2888 668 2975 qui
727 2908 866 2952 rem
926 2886 1227 2953 inutilem
1303 2889 1441 2954 suis
1508 2887 1848 2954 laboribus
1919 2888 2206 2954 reddidit
2284 2888 2711 2973 fructuosam,
2784 2891 2911 2957 sine

556 2975 814 3040 ratiene
859 2974 1188 3060 condigna
1233 2972 1359 3039 sibi
1401 2974 1605 3041 alium
1652 2975 2030 3060 subrogare,
2079 2997 2227 3041 cum
2273 2984 2497 3041 tamen
2540 2998 2686 3042 rem
2732 2977 2912 3062 culpa

555 3069 888 3127 carentem
933 3062 1003 3126 in
1049 3062 1406 3147 dampnum
1456 3084 1590 3127 non
1637 3064 1989 3128 conveniat
2031 3063 2313 3129 evocari.
2374 3067 2430 3146 ξ.
2476 3063 2538 3129 5.
2584 3060 2659 3129 Si
2708 3073 2910 3129 autem

553 3148 759 3233 aliqui
804 3148 1098 3212 montani
1144 3169 1262 3213 suo
1309 3148 1746 3234 argentifodio
1793 3149 1983 3214 abusi
2030 3147 2295 3231 fuerint,
2354 3152 2495 3215 sive
2540 3150 2626 3214 sit
2673 3148 2912 3217 heredi-

551 3236 790 3300 tarium
839 3235 980 3299 sive
1025 3255 1181 3316 non,
1241 3235 1348 3300 vel
1395 3257 1788 3322 quocunque
1842 3237 2111 3301 nomine
2156 3246 2535 3302 censeatur:
2594 3235 2913 3302 urburarii

555 3322 773 3387 statim
823 3321 905 3386 de
951 3342 1028 3386 ec
1073 3320 1516 3388 mediantibus
1556 3323 1727 3407 juris
1772 3321 2135 3388 rationibus
2161 3330 2227 3387 s‘e
2254 3324 2715 3389 intromittant.
2762 3326 2817 3405 ξ.
2858 3321 2911 3386 6.

551 3408 840 3473 Interest
899 3409 1076 3473 enim
1151 3419 1378 3474 nostra
1403 3458 1417 3485 ,
1495 3430 1579 3473 ne
1657 3410 1802 3494 quis
1865 3431 1981 3474 suo
2060 3409 2498 3494 argentifodio
2576 3407 2911 3483 abutatur3

549 3494 914 3560 abutuntur
973 3504 1191 3559 autem
1255 3496 1352 3559 sic
1412 3495 1699 3560 cultores
1759 3494 2196 3581 argentifodio
2243 3517 2401 3561 suo:
2464 3497 2520 3560 si
2581 3497 2803 3583 ipsum
2846 3514 2912 3559 eo

553 3582 747 3646 modo
793 3602 927 3646 non
973 3579 1306 3661 excolunt,
1375 3590 1446 3646 ut
1491 3582 1826 3658 deberent,
1888 3590 2001 3646 aut
2069 3581 2406 3647 metallum
2453 3582 2625 3649 clam
2670 3582 2912 3647 subtra-

551 3668 785 3742 xerint,
831 3676 946 3732 aut
988 3667 1138 3753 plus
1184 3667 1406 3734 debito
1452 3676 1746 3754 tempore
1770 3678 2056 3734 meatum
2080 3669 2423 3733 inventum
2469 3667 2914 3735 fraudulenter

551 3752 1028 3819 occultaverint
1072 3776 1219 3819 cum
1266 3753 1564 3835 metallo;
1634 3756 1789 3820 item
1851 3756 1907 3819 si
1957 3757 2208 3840 justam
2268 3753 2579 3820 urburam
2625 3776 2765 3823 non
2810 3754 2913 3818 de-

551 3840 785 3925 derint,
847 3861 996 3905 cum
1058 3839 1356 3927 partibus
1415 3844 1629 3928 ipsam
1696 3843 2146 3927 sequentibus,
2208 3852 2322 3908 aut
2378 3841 2636 3928 aliquas
2699 3849 2911 3929 partes

552 3925 744 3992 nobis
790 3927 1047 3992 debitas
1109 3926 1531 4011 occultarent,
1610 3937 1676 3993 et
1752 3928 2127 4029 specialiter
2200 3930 2665 4015 proprietatem
2730 3926 2911 3993 nobis

548 4011 839 4078 debitam
885 4035 1018 4078 non
1057 4012 1392 4081 solvendo,
1439 4019 1500 4097 ἓ.
1528 4016 1587 4081 7.
1612 4014 1855 4081 Omma
1898 4013 2285 4080 tamenhaec
2331 4016 2568 4100 corrigi
2611 4015 2910 4081 volumus

539 4100 712 4185 juris
773 4099 1002 4164 ordine
1065 4100 1434 4180 observatu,
1501 4123 1628 4167 nec
1687 4102 2040 4188 quicquam
2088 4103 2376 4187 patimur
2420 4103 2561 4167 sine
2598 4102 2775 4185 juris
2818 4121 2907 4165 or-

547 4187 701 4251 dine
746 4186 1238 4271 condempnari.
1317 4190 1372 4273 §.
1419 4190 1478 4255 8.
1525 4188 1596 4253 Si
1643 4210 1797 4254 vero
1844 4187 2085 4274 aliquis
2131 4187 2238 4254 vel
2283 4188 2488 4274 aliqui
2534 4188 2905 4253 colonorum

544 4272 692 4337 aliis
733 4273 974 4338 insciis
1036 4282 1101 4339 et
1159 4274 1404 4361 ignaris
1451 4275 1897 4363 delinquerint
1940 4278 2012 4339 in
2070 4276 2449 4361 praemissis
2534 4274 2636 4343 vel
2696 4272 2906 4361 aliquo
