3150 5017
1435 243 1912 310 ...312-

479 415 752 482 extendi
813 423 1110 503 oporteat
1166 417 1236 482 in
1295 416 1587 503 plurium
1646 415 2001 502 ultionem3
2062 439 2217 482 nam
2279 416 2699 483 manifestum
2742 423 2866 498 est,

477 511 799 589 quantum
851 502 1134 592 dampni
1192 503 1599 590 negligentia
1647 526 1764 586 ‘ex¹
1788 503 2037 570 talibus
2080 512 2225 573 orta
2270 502 2868 590 cen-spirationibus

469 591 612 675 jam
675 588 986 655 obtulerit
1049 598 1114 656 et
1173 591 1364 656 offert
1421 592 1490 656 in
1553 600 1905 677 posterum,
1954 591 2011 656 si
2056 589 2393 657 duraverit
2435 593 2505 656 in
2546 589 2868 672 futurum,

481 684 694 744 tracta
737 676 821 742 de
865 676 1220 763 praeterita
1263 677 1670 763 conjectura.
1754 682 1817 761 ξ.
1870 679 1967 743 10.
2012 677 2209 743 Unde
2253 677 2489 760 omnes*
2514 678 2867 742 conventi-

479 763 664 830 culas
731 771 798 828 et
865 765 1386 850 conspirationes
1451 763 1721 830 illicitas
1786 785 1920 830 non
1978 763 2191 830 solum
2239 765 2415 829 inter
2458 763 2699 845 fabros,
2747 761 2867 828 scd

475 851 648 918 inter
706 849 1036 937 quaslibet
1093 852 1442 916 societates
1497 852 1721 936 regiae
1780 851 2031 936 gratiae
2094 852 2215 916 sub
2276 851 2553 916 obtentu
2622 871 2700 916 ac
2744 871 2865 915 no-

401 1000 404 1004 .
472 946 648 1004 strae
694 937 1227 1002 mansuetudinis
1269 937 1420 1022 lege
1462 939 1729 1023 penitus
1774 937 2213 1024 prohibemus.
2282 941 2342 1020 ξ.
2396 939 2498 1002 11.
2544 937 2863 1024 Ejusdem

595 1025 728 1091 tiae
794 1024 917 1089 sub
979 1022 1253 1089 obtentu
1313 1023 1701 1104 urburariis‚
1768 1023 2095 1108 ‘udicib-us
2138 1033 2209 1089 et
2242 1025 2487 1109 juratis
2531 1026 2858 1090 >montium

522 1112 752 1176 rmiter
808 1111 1255 1196 injungentes,
1324 1118 1398 1175 ut
1458 1132 1690 1175 omnes
1778 1109 2087 1177 abrorum
2156 1111 2507 1196 magistros
2548 1113 2863 1197 ipsosque

471 1195 696 1263 fabros
719 1206 785 1262 et
809 1196 1138 1284 quoslibet
1183 1197 1368 1277 alios,
1413 1198 1605 1262 istius
1650 1197 2099 1283 aequissimae
2138 1199 2627 1263 constitutionis
2662 1207 2864 1263 teme-

471 1284 678 1350 rarios
721 1292 1258 1370 transgressores,
1305 1305 1470 1371 quas
1511 1285 1817 1348 invenire
1864 1292 2192 1369 poterunt,
2240 1293 2463 1349 nostro
2492 1284 2861 1350 camerario

473 1372 616 1436 viro
673 1370 1056 1451 clarissimo,
1120 1373 1264 1437 sine
1327 1369 1645 1437 dilatione
1708 1369 2005 1457 qualibet
2048 1370 2360 1437 studeant
2381 1378 2854 1458 praesentare.

473 1461 536 1540 ἕ.
587 1457 702 1523 12.’
733 1457 985 1539 Quodsi
1027 1459 1236 1543 ipsius
1281 1458 1537 1543 copiam
1584 1457 1830 1523 habere
1875 1478 2008 1522 non
2031 1459 2338 1544 poterint,
2383 1467 2543 1541 tunc
2586 1460 2656 1522 in
2698 1477 2861 1544 pro-

473 1544 752 1610 ximiore
795 1546 1158 1610 munitione
1199 1545 1444 1610 nostris
1491 1544 1825 1609 montibus
1871 1545 1997 1630 ipsi
2045 1543 2505 1610 malefactores
2551 1543 2673 1610 sub
2722 1545 2763 1608 fi
2792 1543 2865 1608 la

475 1630 793 1711 custodia,
839 1631 1050 1696 donec
1095 1630 1180 1696 ad
1225 1633 1669 1717 praesentiam
1716 1631 2059 1696 camerarii
2107 1631 2577 1716 observentur3
2622 1633 2856 1696 incon-

475 1739 712 1802 gruum
757 1724 859 1783 est
895 1720 1070 1784 enim
1117 1718 1395 1784 Nostrae
1419 1717 1959 1804 Magnificentiae
1982 1740 2022 1782 a
2042 1716 2293 1783 talibus
2323 1718 2486 1783 talia
2514 1719 2857 1783 sustinere.

475 1808 534 1886 §-
587 1805 688 1868 13.
732 1804 803 1870 Si
849 1806 996 1890 quis
1039 1826 1197 1870 vero
1241 1805 1578 1870 fabrorum
1628 1807 1772 1870 sine
1815 1804 2039 1891 aliqua
2083 1805 2522 1871 conventione
2582 1805 2869 1869 fabrica-

473 1892 643 1958 verit
685 1912 1066 1977 camporum
1109 1891 1473 1957 cultoribus
1517 1892 1687 1958 XIV
1732 1891 1986 1969 diebus,
2055 1890 2291 1968 adhuc,
2338 1893 2393 1955 si
2438 1893 2599 1976 ipsis
2644 1891 2867 1956 visum

473 1977 671 2046 fuerit
714 1977 1047 2064 expedire,
1093 1984 1370 2064 possunt
1414 1976 1542 2044 sibi
1589 1978 1671 2044 de
1716 1977 1849 2043 alia
1892 1977 2149 2042 fabrica
2192 1978 2563 2063 providere,
2632 1997 2865 2063 perso-

470 2063 608 2130 luto
655 2065 836 2150 prius
880 2066 1110 2150 primis
1155 2064 1362 2130 fabris
1408 2066 1621 2152 pretio
1669 2063 2034 2147 deservit03
2082 2073 2148 2130 et
2194 2064 2373 2150 quod
2419 2064 2583 2130 haec
2606 2065 2864 2130 faciant

473 2153 615 2216 sine
659 2152 838 2216 omni
883 2150 1032 2216 dolo
1078 2154 1407 2216 et.animo
1469 2149 1926 2216 defraudandi.
2018 2156 2077 2234 ἓ.
2132 2152 2230 2216 14.
2294 2151 2363 2218 Si
2411 2161 2631 2217 autem
2679 2151 2861 2215 ultra

469 2237 632 2304 XIV
675 2237 818 2303 dies
863 2240 1041 2323 apud
1086 2240 1330 2324 primos
1388 2237 1615 2302 fabros
1660 2237 1784 2302 sibi
1830 2239 2250 2324 permiserint
2294 2237 2631 2319 fabricari,
2682 2244 2860 2325 post-

471 2323 740 2389 modum
786 2324 872 2390 ab
917 2324 1012 2390 eis
1081 2346 1214 2390 non
1277 2334 1552 2412 possunt
1610 2324 1841 2390 cedere
1900 2322 2201 2409 legitima
2262 2325 2407 2389 sine
2466 2345 2684 2406 causa,
2746 2345 2863 2388 no-

473 2419 924 2498 namepartem
955 2411 1290 2492 fabrilem,
1337 2411 1393 2475 si
1438 2410 1524 2475 ad
1570 2410 1826 2476 lucrum
1872 2412 2315 2497 pervenerint,
2379 2410 2461 2476 de
2512 2413 2667 2498 jure
2712 2409 2861 2475 ubi·

473 2519 734 2584 cunque
778 2498 1194 2583 postmodum
1239 2496 1728 2580 fabricaverint,
1776 2497 2233 2585 persolvendo.
2324 2502 2386 2582 ξ.
2440 2499 2537 2563 15.
2604 2495 2738 2563 Sed
2804 2497 2864 2561 si

470 2585 644 2650 inter
719 2584 1014 2650 diversos
1086 2603 1468 2671 camporum
1550 2584 1835 2650 cultores
1912 2588 2036 2650 hoc
2110 2586 2275 2650 inito
2338 2595 2551 2671 pacto,
2615 2593 2688 2649 ut
2751 2583 2861 2648 cui

471 2671 686 2758 primo
746 2693 937 2736 mons
995 2671 1194 2736 fuerit
1251 2679 1713 2752 mensuratus,
1775 2673 1976 2736 ceteri
2038 2693 2157 2757 pro
2218 2681 2400 2739 certa
2444 2672 2867 2758 proprietate

471 2756 652 2844 apud
718 2779 874 2823 suos
939 2757 1167 2823 laneos
1233 2764 1636 2834 remaneant,
1702 2756 1876 2822 fabri
1918 2757 2117 2822 etiam
2165 2779 2409 2822 nona->m
2452 2767 2709 2844 partem
2769 2756 2867 2822 fa·

472 2843 709 2910 brilem
755 2866 874 2930 per
917 2854 1206 2910 montem
1253 2846 1637 2910 universum
1681 2845 1778 2908 sic
1803 2853 2252 2909 mensuratum
2268 2845 2422 2930 jure
2446 2843 2862 2926 obtinebunt,

471 2930 870 2996 fabricantes
913 2932 998 2997 ad
1045 2931 1312 2996 laneum
1358 2930 1819 3016 principalem3
1875 2952 2133 3016 semper
2177 2933 2352 2996 enim
2414 2929 2707 2996 fabricae
2760 2951 2868 2994 rc-

471 3025 696 3084 manet
737 3039 915 3083 nona
957 3040 1112 3105 pars
1157 3017 1415 3083 fabrilis
1457 3017 1818 3082 fabricanti
1862 3017 2080 3098 laneo,
2126 3019 2210 3084 de
2255 3038 2387 3104 quo
2433 3038 2621 3082 mons
2668 3016 2869 3081 fucrit

471 3113 909 3172 mensuratus.
997 3106 1170 3171 Nam
1226 3127 1336 3170 res
1394 3107 1569 3169 inter
1629 3103 1795 3169 alios
1853 3113 2003 3169 acta
2048 3103 2195 3169 aliis
2240 3126 2374 3168 non
2420 3101 2870 3190 praejudicat,

472 3194 698 3278 sicque
733 3192 868 3279 juri
915 3191 1253 3257 fabrorum
1301 3201 1564 3277 pactum
1610 3211 1743 3255 non
1768 3191 2178 3275 praejudicat
2220 3190 2623 3256 colonorum.
2674 3194 2734 3272 ξ.
2763 3191 2865 3256 16.

470 3279 705 3344 Fabris
773 3287 992 3344 autem
1054 3278 1485 3357 hereditariis,
1541 3279 1660 3364 qui
1721 3278 2117 3364 quandoque
2160 3277 2415 3342 lucrum
2462 3275 2865 3356 habuerunt,

473 3375 654 3434 nune
717 3373 933 3432 autem
1003 3365 1183 3433 lucro
1245 3374 1546 3430 cessante
1606 3386 1725 3452 pro
1785 3386 1905 3428 sua
1950 3363 2289 3430 voluntate
2324 3366 2438 3451 jus
2485 3362 2858 3431 fabricandi

469 3474 602 3518 non
650 3451 1087 3536 permittimus
1132 3454 1505 3538 resignare;
1567 3453 1797 3518 merito
1842 3449 1959 3515 ubi
2013 3449 2865 3538 quandoque-emolumen-

475 3547 612 3606 tum
659 3539 804 3622 fuit,
853 3547 917 3605 et
959 3561 1142 3605 nunc
1187 3539 1407 3606 oneris
1455 3540 1717 3604 sarcina
1760 3537 2095 3604 residebit.

1451 3717 1626 3797 Gap.
1674 3713 1897 3780 xvu.

1151 3835 1158 3841 “
1261 3832 1362 3898 De
1403 3833 1651 3899 metalli
1690 3832 2082 3899 divisoribus.

644 3977 704 4056 §-
753 3974 812 4038 1.
858 3969 983 4037 Est
1027 3979 1249 4036 autem
1297 3970 1588 4036 officium
1636 3969 2017 4052 divisorum,
2064 3968 2545 4035 sublevationis
2562 3967 2867 4052 tempore

471 4067 679 4144 totum
745 4057 1086 4124 metallum
1153 4059 1223 4121 in
1292 4079 1500 4122 unum
1561 4057 1671 4123 vel
1730 4055 1953 4144 plures
2010 4055 2309 4122 cumulos
2356 4065 2867 4140 comportatum,

471 4148 544 4212 in
587 4145 846 4211 debitas
893 4153 1114 4230 partes
1162 4143 1477 4212 dividere.
1567 4149 1629 4226 ξ.
1678 4145 1742 4208 2.
1802 4144 2021 4209 Primo
2083 4151 2304 4208 autem
2350 4142 2659 4230 ponendo
2706 4151 2866 4208 ante

474 4234 698 4300 omnia
718 4230 1002 4296 urburae
1023 4238 1280 4318 partem
1315 4240 1642 4314 octavam,
1686 4229 1977 4296 secundo
2005 4249 2243 4296 nonam
2271 4238 2523 4317 partem
2548 4228 2864 4296 fabrilem
