3150 5017
1242 310 1724 403 -443-..

272 487 339 544 et
380 502 503 547 sua
547 483 988 550 mercimonia
1030 481 1277 549 ibidem
1326 485 1659 573 deponere
1703 484 1812 550 vel
1855 487 2006 571 ipsa
2049 484 2398 566 deducere,
2463 486 2536 548 si·
2579 485 2675 549 eis

270 567 489 653 placet
509 591 525 609 ·
581 578 651 635 et
714 571 772 635 si
818 572 1111 658 quinque
1172 570 1407 639 diebus
1466 572 1537 637 in
1585 570 1778 637 dictis
1841 569 2226 637 civitatibus
2291 571 2674 655 manserint,

214 742 223 747 ν
266 662 428 756 tunc
494 618 761 722 debent
816 678 939 723 sua
994 659 1425 725 mercimonia
1484 657 1636 724 disli
1685 679 1798 724 are
1857 678 2080 725 coram
2141 657 2402 723 duobus
2445 656 2674 745 probis

269 761 428 842 viris
472 752 543 807 et
586 746 877 828 notario,
934 746 1052 831 qui
1113 766 1231 830 per
1275 746 1455 812 cives
1516 745 1603 810 ad
1714 765 1792 811 oc
1853 743 2044 811 electi
2093 743 2360 821 fuerint,
2403 752 2470 809 et
2510 752 2674 811 tunc

266 825 443 893 dicta
488 831 933 897 mercimonia
977 830 1351 898 nullatenus
1398 831 1479 899 de
1502 831 1886 898 civitatibus
1911 831 2242 899 deducere
2287 839 2670 917 teneantur3

270 914 447 1000 quod
492 917 553 981 si
602 940 744 983 non
790 918 1103 1000 facerent,
1172 927 1419 985 extunc
1464 917 1549 984 ad
1595 919 1988 985 solutionem
2033 917 2234 983 trium
2299 938 2669 983 marcarum

265 1004 527 1086 argenti
576 1007 851 1069 nomine
896 1025 1151 1091 poenae
1198 1006 1340 1070 sine
1386 1004 1776 1071 difficultate
1818 1005 2115 1092 qualibet
2169 1012 2540 1087 teneantur,
2607 1012 2674 1069 et

264 1086 712 1157 nihilominus
756 1090 1067 1177 disligare
1125 1090 1303 1157 dicta
1362 1094 1790 1159 mercimonia
1847 1092 2277 1174 tenebuntur,
2345 1089 2472 1157 sub
2516 1112 2670 1156 con-

266 1172 651 1242 ditionibus
696 1178 999 1265 superius
1042 1180 1467 1263 praenotatis.

447 1270 512 1329 2.
560 1263 737 1330 Item
786 1273 1173 1348 statuerunt,
1218 1273 1291 1330 ut
1336 1266 1491 1331 dieti
1538 1264 1851 1353 hospides
1895 1286 2014 1331 sua
2065 1265 2495 1331 mercimonia
2537 1283 2672 1329 non

270 1344 563 1415 debeant
650 1353 721 1417 in
786 1351 935 1438 ipsa
996 1353 1263 1417 civitate
1329 1352 1651 1439 Pragensi
1718 1350 1864 1418 aliis
1930 1348 2308 1439 hospitibus
2365 1349 2672 1432 vendere,

261 1433 385 1501 sed
443 1444 719 1504 tantum
780 1438 1227 1524 Pragensibus
1286 1449 1351 1505 et
1407 1440 1690 1505 aliarum
1759 1439 2104 1505 civitatum
2165 1446 2540 1505 nostrarum
2587 1436 2670 1503 de

266 1519 555 1590 Boemia
620 1533 689 1591 et
745 1524 1050 1592 Moravia
1084 1524 1373 1604 civibus,
1432 1528 1547 1614 qni
1613 1525 1924 1593 collectas
1983 1547 2140 1593 suas
2205 1533 2274 1591 et
2331 1524 2464 1591 alia
2511 1525 2670 1607 jura

266 1608 631 1677 civitatum
694 1612 913 1679 facere
973 1620 1040 1679 et
1082 1612 1427 1681 exsolvere
1472 1620 1993 1697 consueverunt3
2050 1610 2227 1699 quod
2287 1612 2344 1678 si
2401 1632 2538 1677 non
2581 1609 2670 1677 fa-

267 1706 521 1797 cerent,
588 1708 839 1765 extunc
880 1707 1017 1764 tam
1076 1698 1317 1786 hospes
1361 1700 1660 1766 vendens
1705 1722 1900 1787 quam
1947 1721 2175 1765 emens
2219 1718 2473 1786 poenae
2517 1695 2672 1763 sub·

258 1794 491 1883 jaceat
554 1793 1022 1873 praenotatae,
1080 1788 1173 1853 ita
1247 1787 1425 1873 quod
1484 1786 1764 1875 quilibet
1828 1807 2053 1853 eorum
2122 1786 2210 1853 ad
2274 1784 2670 1852 solutionem

266 1875 471 1938 tuum
524 1894 901 1939 marcarum
946 1875 1204 1959 argenti
1262 1876 1405 1940 sine
1466 1873 1853 1940 difficultate
1897 1872 2194 1959 qualibet
2235 1879 2558 1954 teneatur,
2605 1878 2670 1935 et

266 1962 403 2020 tam
451 1960 757 2026 venditio
793 1981 988 2047 quam
1021 1962 1264 2047 emptio
1311 1962 1908 2037 mercimoniorum,
1955 1980 2126 2046 quae
2169 1959 2346 2025 facta
2389 1978 2534 2025 esse
2577 1956 2672 2021 di-

274 2046 599 2128 noscitur,
644 2046 910 2113 nullius
970 2047 1224 2113 roboris
1269 2046 1513 2113 habeat
1554 2048 1974 2126 firmitatem3
2022 2057 2088 2111 et
2130 2046 2185 2111 si
2230 2067 2400 2111 unus
2444 2065 2670 2109 eorum

268 2134 645 2215 recesserit,
692 2142 759 2198 et
800 2132 969 2200 alter
1026 2135 1434 2216 remanserit,
1494 2134 1670 2199 idem
1739 2135 1849 2220 qui
1913 2132 2323 2213 remanserit,
2388 2151 2670 2218 poenam

248 2216 542 2285 solvere
588 2219 921 2287 tenebitur
964 2218 1385 2308 duplicatam.

448 2308 517 2373 3.
563 2306 733 2375 Item
779 2314 1169 2383 statuerunt,
1238 2316 1311 2373 ut
1365 2306 1659 2394 quilibet
1701 2305 1822 2372 hos
1871 2326 1962 2387 es,
2007 2305 2335 2391 recipiens
2378 2301 2673 2389 hospites

268 2399 633 2460 extraneos
678 2393 763 2459 ad
807 2393 1163 2481 hospitium
1211 2414 1420 2472 suum,
1466 2394 1646 2480 apud
1692 2414 1804 2460 eos
1855 2414 1958 2459 em
2004 2392 2298 2478 hospites
2343 2411 2668 2476 nusquam

272 2475 477 2547 debet
526 2502 745 2547 emere
790 2479 1011 2568 aliqua
1035 2481 1492 2565 mercimonia;
1543 2490 1609 2547 et
1653 2483 1708 2547 si
1747 2480 1991 2567 hospes
2032 2486 2166 2543 tam
2196 2498 2423 2545 emens
2469 2499 2666 2563 quam

273 2563 581 2634 vendens
624 2566 1154 2651 secus‘fecerint,
1217 2576 1465 2633 extunc
1529 2566 1807 2655 quilibet
1868 2588 2092 2632 corum
2139 2564 2224 2631 ad
2271 2564 2667 2631 solutionem

272 2673 397 2719 sex
447 2675 823 2719 marcarum
885 2655 1143 2739 argenti
1202 2655 1469 2721 nomine
1527 2677 1788 2742 poenae
1857 2656 2000 2719 sine
2080 2649 2468 2718 difficultate
2514 2673 2670 2739 qua-

266 2736 436 2808 libet
485 2750 801 2818 teneatur‚
862 2750 927 2807 et
987 2740 1412 2807 nibilominus
1472 2744 1718 2827 emptio
1785 2748 1849 2806 et
1918 2740 2233 2821 venditio,
2280 2760 2450 2825 quae
2495 2738 2671 2804 facta

269 2846 420 2895 esse
470 2827 849 2904 dinoscitur,
895 2826 1141 2893 nullius
1182 2829 1440 2894 roboris
1484 2827 1726 2893 habeat
1770 2827 2163 2891 firmitatem.

458 2917 524 2979 4.
570 2915 733 2981 Item
782 2922 1170 2999 statuerunt,
1215 2913 1391 3003 quod
1436 2913 1952 3001 quotiescunque
1997 2912 2086 2977 ali
2134 2913 2237 2977 uis
2282 2931 2366 2976 ex
2413 2908 2669 2975 civibus

271 3002 623 3089 utriusque
674 3002 961 3067 civitatis
1007 3024 1126 3089 per
1172 3000 1337 3065 duos
1382 3002 1559 3067 viros
1625 3000 1926 3079 idoneos,
1995 3000 2106 3086 qui
2158 3020 2234 3061 us
2277 2997 2441 3061 fides
2486 2994 2670 3061 adhi-

270 3084 417 3155 beri
443 3089 704 3176 poterit,
748 3087 1122 3175 inculpatus
1164 3088 1379 3170 fuerit,
1426 3088 1602 3176 quod
1637 3088 2012 3153 societatem
2057 3085 2130 3149 in
2173 3084 2557 3150 venditione
2603 3091 2669 3150 et

274 3177 613 3264 emptione
656 3176 1225 3243 mercimoniorum
1274 3174 1579 3241 habuerit
1625 3196 1773 3240 cum
1821 3170 2208 3260 hospitibus,
2240 3170 2414 3235 idem
2460 3169 2666 3235 incul-

274 3270 475 3347 patus
521 3263 719 3328 debet
782 3284 1117 3327 assumere
1176 3260 1341 3327 duos
1386 3263 1567 3327 viros
1615 3262 1912 3342 idoneos,
1959 3280 2232 3346 quorum
2261 3255 2538 3343 quilibet
2584 3256 2668 3321 ad

274 3358 541 3417 centum
590 3370 843 3415 marcas
888 3352 1145 3435 argenti
1189 3348 1431 3414 habere
1478 3349 1878 3430 dinoscitur3
1927 3360 1992 3413 et
2036 3344 2132 3410 illi
2196 3344 2324 3409 duo
2371 3365 2518 3409 cum
2565 3344 2664 3408 in-

274 3436 543 3523 culpato
580 3435 936 3521 ‘juvabunt,
981 3436 1161 3523 quod
1204 3437 1582 3501 societatem
1609 3458 1739 3501 non
1771 3434 2075 3500 habuerit
2119 3454 2265 3497 cum
2300 3429 2668 3517 hospitibus

278 3524 715 3608 praenotatis3
774 3532 839 3589 et
900 3523 955 3587 si
1010 3522 1186 3587 idem
1255 3522 1632 3608 inculpatus
1698 3545 1768 3587 se
1835 3541 2202 3608 expurgare
2249 3540 2382 3583 non
2429 3517 2670 3603 poterit

274 3630 429 3675 cum
478 3608 733 3675 duobus
778 3611 937 3673 viris
983 3608 1257 3693 idoneis,
1306 3610 1479 3696 quod
1527 3609 1766 3675 dictam
1832 3610 2208 3673 societatem
2257 3626 2406 3670 cum
2449 3602 2666 3691 hospi-

279 3696 463 3763 tibus
518 3718 654 3762 non
712 3695 1037 3779 habuerit,
1098 3704 1348 3761 extunc
1408 3694 1491 3761 ad
1554 3696 1946 3761 solutionem
2011 3693 2234 3759 decem
2298 3704 2666 3755 marcarum

279 3784 539 3936 atqlenti
600 3804 851 3869 poenae
898 3785 1161 3849 nomine
1205 3791 1524 3867 teneatur,
1588 3792 1654 3849 et
1697 3781 2128 3846 nihilominus
2181 3776 2443 3868 jurabit,
2539 3775 2668 3841 uod

278 3891 389 4021 nul
426 3892 567 4022 {mh
578 3869 953 3935 societatem
1001 3892 1149 3935 cum
1205 3869 1572 3957 hospitibus
1634 3869 1714 3935 de
1773 3876 1988 3935 cetero
2053 3886 2363 3933 exercere
2424 3865 2506 3929 de
2557 3871 2664 3929 eat

278 3978 364 4023 ve
480 3978 521 4023 a
568 3978 699 4022 ere.

454 4044 517 4108 5.
564 4043 729 4109 Item
780 4051 1169 4126 statuerunt,
1207 4040 1385 4129 quod
1428 4042 1650 4108 nullus
1697 4040 1944 4105 civium
1992 4039 2333 4124 utriusque
2379 4035 2669 4100 civitatis

283 4131 709 4195 mercimonia
752 4128 975 4217 aliqua
1020 4132 1105 4193 ab
1151 4129 1371 4217 aliquo
1416 4130 1564 4193 cive
1612 4129 1693 4193 de
1738 4125 2058 4191 Flandria
2102 4124 2208 4190 vel
2257 4121 2668 4188 de-Venetiis

278 4225 393 4281 aut
438 4215 521 4283 de
566 4216 716 4282 aliis
761 4216 1142 4301 regionibus
1220 4217 1742 4302 quibuscunque,
1805 4214 1872 4279 in
1933 4209 2304 4299 praedictas
2367 4210 2668 4274 civitates

278 4302 523 4371 ducere
582 4303 799 4386 debet,
863 4301 1117 4369 ibidem
1182 4303 1381 4369 alicui
1442 4303 1685 4367 civium
1747 4297 2364 4452 ³⁸⁸³gnanda2'9ssffi
2409 4294 2668 4363 literam
