3150 5017
471 325 731 372 ranan.
1430 303 1906 372 -338-

472 497 650 546 nova
703 478 894 546 fieret
950 476 1380 562 denuntiatio,
1440 485 1508 544 et
1567 479 1665 544 sic
1722 499 1767 545 u
1850 498 1934 545 ue
1992 479 2065 545 in
2122 477 2453 545 infinitum
2510 476 2867 544 denuntie-

469 567 689 634 tiones
728 564 1178 653 procederent,
1221 564 1400 654 quod
1445 585 1593 632 esse
1635 587 1770 631 non
1860 565 2030 633 ebet.
2091 569 2155 649 §-
2202 565 2307 630 13.
2350 563 2485 632 Sed
2524 564 2649 631 bas
2691 566 2867 632 duas

482 651 748 740 regulas
806 650 1121 741 deinceps
1177 651 1574 740 generaliter
1648 650 1955 720 volumus
2022 651 2395 720 observati:
2462 653 2680 739 prima
2744 659 2869 734 est,

480 746 554 805 ut
623 738 1037 807 denuntiatio
1095 738 1430 827 aliquibus
1490 739 1915 826 argentifodii
1972 739 2339 806 cultoribus
2394 738 2603 805 semel
2664 737 2869 821 facta,

473 846 610 892 nun
657 847 813 892 uam
858 824 1008 914 plus
1053 825 1304 930 eisdem
1337 823 1715 930 ‘cultoribus
1772 828 2146 894 innovetur.
2234 825 2548 892 Secunda
2604 831 2729 908 est,
2790 833 2871 891 ut

473 933 614 1064 ἕξω
653 910 2865 1078 33320.?55⁶33i3⁶:123u&523511305232323'3225‘55223:⁰2·

474 1085 892 1152 boratoribus
959 1087 1354 1172 conferatur,
1428 1109 1595 1174 quos
1660 1087 2029 1154 lentescere
2096 1108 2216 1174 pro
2264 1095 2365 1153 ter
2428 1099 2625 1176 spem·
2682 1085 2859 1152 lucri

473 1171 824 1240 laborandi
879 1171 1234 1242 assiduitas
1291 1196 1428 1240 non
1489 1174 1833 1262 permittit.
1920 1177 1983 1258 θ.
2032 1175 2137 1240 14.
2232 1173 2275 1240 ‘i
2319 1175 2468 1261 quis
2512 1181 2737 1239 autem
2778 1174 2859 1238 in

472 1259 732 1326 cultura
775 1260 1132 1327 stollonum
1175 1281 1362 1328 suam
1409 1260 1741 1327 fortunam
1786 1259 2069 1327 voluerit
2112 1260 2421 1348 experiri,
2468 1259 2680 1346 primo
2704 1279 2865 1324 cum

472 1345 836 1424 urburariis
895 1349 1158 1428 nostris,
1215 1369 1436 1414 assum
1485 1350 1572 1413 tis
1629 1346 1961 1436 aliquibus
2020 1348 2361 1414 civitatum
2424 1355 2491 1412 et
2534 1346 2864 1411 montium

462 1434 727 1521 juratis,
771 1432 854 1500 de
877 1435 1276 1522 proprietate
1316 1433 1388 1501 in
1431 1369 1643 1500 libero
1690 1455 1941 1528 campo,
1986 1435 2056 1500 in
2104 1434 2441 1501 montibus
2472 1433 2621 1519 jam
2664 1453 2861 1498 men-

471 1521 713 1586 suratis
777 1530 846 1587 et
909 1522 980 1587 in
1043 1521 1334 1608 rupturis
1403 1519 1536 1587 sibi
1602 1541 1915 1608 expresse
1996 1523 2350 1588 conveniat
2414 1518 2867 1606 assignanda3

517 1627 672 1672 uam
715 1608 786 1673 in
831 1607 1194 1696 privilegiis
1238 1629 1436 1695 super
1477 1608 1581 1674 bis
1652 1609 1891 1674 dandis
1936 1629 2089 1674 cum
2132 1606 2442 1674 omnibus
2498 1609 2641 1672 suis
2700 1625 2861 1671 con-

473 1629 838 1762 ditionibus
889 1693 1200 1760 distincte
1259 1697 1613 1762 statuimus
1672 1693 2015 1777 declarari,
2074 1704 2141 1761 et
2198 1694 2455 1782 magnis
2512 1692 2861 1795 lapidibus

475 1781 938 1934 {plznstemgtas
979 1780 1106 1884 sub
1148 1780 1323 1933 bione
1357 1783 1733 1869 juratorum
1776 1803 1857 1886 ao
1898 1780 2180 1885 aliorum
2238 1783 2534 1934 vlimssm.
2588 1779 2871 1846 idoneo·

749 1890 781 1932 s
834 1889 1056 1936 monio
1113 1889 1156 1933 a
1423 1877 1645 1936 etnam
1700 1889 1795 1937 rei
1842 1889 2225 1935 memoriam
2296 1889 2411 1934 um
2442 1887 2571 1951 ηις
2633 1887 2743 1933 am
2794 1885 2867 1932 u.-

471 1963 688 2020 tantes
711 1957 836 2021 hoc
859 1955 1055 2021 modo
1101 1891 1831 2045 multldtqquaestiones,
1874 1976 2045 2044 quae
2090 1954 2363 2022 cottidie
2395 1955 2479 2020 de
2497 1887 2865 2022 stollongm

476 2041 800 2108 limitibus
856 2041 1284 2109 ventilantur.
1371 2047 1434 2126 §-
1487 2043 1587 2110 15.
1646 2042 1781 2109 Sed
1839 2052 2189 2132 postquam
2246 2040 2615 2110 stollonarii
2662 2061 2866 2106 suum

473 2127 820 2194 stollonem
885 2128 1213 2196 elevando
1277 2127 1590 2196 decenter
1654 2131 1831 2195 circa
1887 2129 2376 2218 aquaeductum
2442 2127 2867 2229 incoeperint

473 2214 818 2281 laborare:
884 2217 1101 2281 statim
1147 2215 1245 2282 eis
1311 2211 1446 2282 tale
1500 2216 1617 2303 jus
1672 2217 2055 2304 acquiritur,
2100 2225 2176 2282 ut
2212 2215 2443 2282 nullus
2489 2213 2587 2281 eis
2632 2235 2705 2278 in
2714 2211 2868 2280 vifis

471 2301 650 2368 infra
683 2301 948 2368 -limites
1005 2303 1110 2368 sui
1165 2301 1474 2368 stollonis
1531 2324 1737 2369 ausus
1796 2312 1896 2371 est
1934 2304 2193 2390 integro
2238 2303 2489 2390 cespite
2541 2299 2866 2366 laborare.

482 2393 544 2471 g.
591 2389 692 2456 16.
752 2388 826 2455 Si
885 2397 1104 2456 autem
1149 2389 1341 2456 stolio
1385 2391 1457 2455 in
1501 2398 1761 2456 tentum
1806 2390 2181 2477 profecerit,
2225 2390 2405 2477 quod
2450 2407 2573 2454 sua
2614 2388 2864 2454 virtute

479 2473 996 2564 profunditatem
1024 2475 1239 2543 ‘unius
1281 2475 1461 2543 lanei
1505 2485 1574 2542 et
1616 2477 1817 2543 medii
1860 2478 1970 2544 vel
2012 2477 2101 2544 ad
2142 2479 2363 2544 minus
2406 2474 2635 2542 decem
2684 2493 2865 2540 men·

483 2583 783 2628 surarum
813 2561 1036 2629 valeat
1075 2565 1412 2632 exsiccare
1453 2585 1538 2630 ac
1578 2573 1853 2630 ventum
1880 2565 2159 2634 inferret
2202 2574 2363 2630 tunc
2384 2564 2597 2651 primo
2618 2581 2867 2628 nomen

481 2649 630 2716 veri
687 2648 988 2716 stollonis
1045 2657 1334 2717 meretur
1391 2651 1657 2735 habere,
1716 2651 2071 2741 nullusque
2130 2651 2444 2754 deinceps
2503 2649 2749 2716 audeat
2790 2647 2863 2712 in

481 2733 691 2802 laneis
736 2736 846 2802 vel
885 2739 1178 2824 rupturis
1201 2739 1288 2805 ad
1308 2740 1595 2805 eundem
1635 2739 1987 2806 stollonem
2030 2737 2514 2826 pertinentibus
2556 2733 2861 2801 laborare

485 2823 662 2890 ultra
704 2845 964 2912 aquam,
982 2825 1130 2890 sine
1151 2825 1684 2892 stollonariorum
1722 2825 1991 2892 licentia
2012 2826 2304 2912 speciali.
2348 2829 2411 2908 §-
2458 2824 2561 2888 17.
2608 2821 2861 2904 Quam·

483 2908 601 2976 diu
641 2921 862 2977 autem
907 2913 1006 2977 sio
1049 2910 1366 2979 defecerit
1409 2911 1768 2998 desiccare,
1828 2914 2073 3002 poterit
2129 2911 2585 3000 unusquisque
2641 2910 2714 2974 in
2772 2906 2867 2974 la·

483 2999 629 3064 neis
691 3006 760 3063 et
822 2999 1117 3085 rupturis
1181 2998 1264 3066 de
1330 2999 1645 3066 mandato
1708 3007 1932 3066 tamen
2010 2999 2509 3065 urburariorum
2580 2993 2867 3062 ubilibet

483 3082 806 3167 laborare,
849 3084 1208 3150 dummodo
1250 3084 1424 3152 lanei
1469 3094 1537 3152 et
1578 3095 1897 3174 rupturae
1938 3086 2205 3153 stolloni
2248 3082 2609 3169 conscripti
2651 3079 2865 3149 nulla-

481 3179 676 3236 tenus
720 3170 1069 3238 lanientur.
1156 3171 1330 3238 Nam
1371 3173 1689 3240 stollones
1746 3193 1883 3241 non
1936 3173 2023 3239 ad
2082 3173 2209 3240 boc
2251 3171 2721 3251 conceduntur,
2792 3175 2868 3232 ut

483 3255 660 3324 abile
703 3257 788 3324 ad
833 3258 1188 3326 colendum
1375 3260 1769 3326 entifodium
1830 3259 2178 3343 desoletur,
2236 3257 2357 3325 sed
2399 3257 2487 3322 ad
2527 3254 2863 3324 culturam

491 3343 729 3410 inutile
783 3343 1195 3412 reformem.
1347 3346 1482 3414 nde
1537 3357 1765 3413 cautos
1822 3347 2128 3413 volumus
2170 3347 2319 3412 es'se
2362 3351 2623 3410 nostros
2667 3341 2867 3408 urbu·

493 3431 706 3497 rarios
747 3430 820 3498 in
861 3430 990 3498 hac
1031 3442 1236 3520 parte,
1296 3455 1382 3501 ne
1441 3434 1606 3522 quid
1646 3433 1879 3500 talium
1942 3434 2013 3499 in
2104 3432 2544 3520 mejudicium
2598 3435 2867 3496 nostrae

489 3516 778 3586 urburae
817 3525 1260 3606 attemptetur.
1347 3523 1405 3609 fi.
1455 3522 1556 3588 18.
1604 3521 1783 3588 Sene
1840 3522 1895 3586 si
1924 3530 2041 3588 ·sto
2088 3520 2309 3586 onarii
2345 3539 2597 3586 novum
2639 3516 2869 3583 metal-

483 3603 618 3670 lem
663 3606 1038 3672 invenerint
1077 3606 1254 3673 infra
1296 3617 1484 3674 suam
1525 3629 1927 3692 mensuram,
1984 3615 2213 3674 tamen
2264 3614 2459 3672 extra
2499 3609 2781 3670 montes.
2802 3609 2871 3668 et

482 3689 712 3760 laneos
777 3692 906 3758 sibi
969 3695 1430 3781 appropriatos
1489 3703 1562 3760 et
1624 3695 1873 3760 dudum
1920 3696 2054 3761 ‘am
2096 3697 2551 3760 mensuratos:
2616 3689 2865 3755 ibidem

482 3777 644 3865 ipsis
703 3800 892 3846 mons
948 3792 1367 3848 mensuretur
1423 3781 1510 3848 ad
1575 3782 1887 3848 invenien
1936 3804 2047 3848 um
2092 3789 2351 3847 nostros
2391 3777 2623 3844 laneos
2668 3785 2736 3843 et
2778 3776 2867 3841 ci·

482 3863 652 3933 viles
667 3886 686 3904 ·
729 3865 916 3933 nullo
960 3868 1136 3932 enim
1181 3867 1380 3935 modo
1424 3867 1710 3958 aliquem
1757 3868 2107 3935 stollonem
2130 3878 2403 3933 nostrae
2435 3863 2869 3950 benignitatis

483 3913 852 4039 ‘privilegiis
920 3955 1408 4037 confirmamus,
1469 3956 1599 4022 nisi
1642 3955 1827 4022 salvo
1861 3957 2017 4044 Jure
2058 3963 2285 4020 nostro
2328 3952 2707 4037 civiumque
2750 3954 2867 4014 no·

487 4046 794 4105 sti-orum.
881 4044 946 4124 fi.
995 4043 1094 4108 19.
1137 4041 1222 4106 In
1263 4051 1516 4130 septem
1558 4051 1779 4108 autem
1822 4041 2037 4108 laneis
2076 4042 2242 4129 ipsis
2286 4048 2401 4106 aut
2444 4038 2533 4104 ad
2572 4043 2867 4102 montem

485 4125 922 4212 principalem
964 4129 1362 4196 mensuratis
1405 4149 1603 4196 omne
1653 4130 1767 4216 jus
1824 4129 2093 4196 stolloni
2132 4127 2541 4207 concessum,
2596 4131 2735 4190 tam
2778 4123 2873 4188 ‘in

485 4210 822 4298 pendenti,
864 4233 1064 4298 quam
1107 4215 1179 4280 in
1211 4216 1467 4300 jacenti
1513 4213 1721 4281 libere
1750 4214 2157 4282 'retinebunt-
2202 4217 2259 4302 §-
2296 4214 2408 4281 20.
2448 4211 2601 4278 Hoc
2642 4210 2871 4297 itaque

479 4299 846 4385 statuimus,
887 4300 950 4364 si
992 4321 1185 4366 mons
1232 4298 1454 4368 taliter
1507 4301 2019 4369 mensurandae.
2054 4301 2228 4368 infra
2274 4301 2514 4366 limita
2557 4295 2871 4366 stollonis
