3150 5017
1427 366 1518 381 -
1603 330 1733 401 316
1819 365 1907 379 —-

1471 506 1648 589 Cap.
1694 503 1849 572 XX.
1966 530 1971 535 ·

1201 644 1302 707 De
1342 640 1591 708 mctalli
1628 638 2119 729 separatoribus.

643 763 896 831 Metalli
955 784 1112 830 vero
1171 745 1583 849 separatores
1644 759 1983 843 dicuntur,
2045 760 2157 847 qui
2220 756 2560 824 metallum
2607 779 2851 823 concu-

467 852 689 917 tiendo
754 853 823 917 in
895 857 1112 939 partes
1171 851 1462 915 minutas
1523 856 1835 935 separant
1894 850 2033 912 sive
2094 844 2450 912 enucleant
2517 844 2763 909 bonum
2810 870 2853 912 a

469 938 677 1019 ma103
724 958 890 1024 quos
935 936 1228 1023 magistri
1287 936 1609 1001 montium
1657 942 1724 1000 et
1767 932 1985 999 coloni
2031 932 2298 1019 eligant,
2346 954 2511 1019 quos
2558 929 2684 996 sibi
2729 953 2848 997 no-

464 1026 686 1091 verint
729 1024 1054 1107 meliores,
1102 1021 1567 1089 satisfaciendo
1615 1022 1909 1110 ipsorum
1953 1018 2294 1085 laboribus
2340 1040 2489 1085 cum
2552 1017 2841 1085 metallo.

1449 1164 1621 1245 Gap.
1667 1161 1858 1227 ΧΧΙ.

1404 1281 1504 1345 De
1549 1280 1911 1367 juvenibus.

639 1394 1021 1480 Statuimus‚
1079 1403 1154 1460 ut
1200 1393 1567 1481 juvenibus
1627 1396 1695 1458 in
1758 1415 1961 1459 cornu
2007 1392 2318 1459 vertibuli
2384 1392 2845 1481 laborantibus

467 1493 718 1551 certum
762 1485 1045 1573 pretium
1087 1484 1159 1548 in
1205 1480 1493 1548 denariis
1553 1480 1725 1547 sicut
1784 1481 2017 1547 ceteris
2084 1478 2546 1546 laborantibus
2593 1490 2846 1546 statua·

463 1578 590 1653 tur,
661 1593 793 1637 non
861 1577 1180 1658 quantum
1237 1570 1368 1655 ipsi
1426 1590 1658 1654 rapere
1706 1588 1823 1633 seu
1868 1565 2252 1633 subtrahere
2300 1574 2624 1653 poterunt,
2694 1588 2842 1653 per·

469 1660 843 1740 mittantur3
921 1654 1227 1723 omnibus
1302 1656 1633 1740 magistris
1700 1654 2019 1719 montium
2104 1662 2170 1720 et
2254 1652 2506 1720 colonis
2572 1675 2849 1721 suarum

465 1744 754 1831 partium
791 1742 945 1811 sub
1013 1742 1288 1809 obtentu
1332 1742 1607 1807 firmiter
1650 1736 2098 1829 injungentes,
2143 1750 2467 1827 quatenus
2512 1740 2685 1806 hanc
2730 1761 2850 1805 no-

467 1838 670 1983 stbram
737 1831 1268 1900 constitutionem
1331 1828 1414 1895 de
1471 1836 1689 1895 cetero
1735 1826 2211 1893 inviolabiliter
2254 1836 2736 1895 manuteneant
2782 1835 2859 1892 et

463 1939 502 1983 o
553 1926 846 1985 servent.

1447 2092 1621 2173 Gap.
1664 2088 1884 2155 xxu.

1255 2210 1354 2274 De
1396 2208 1643 2274 metalli
1683 2209 2075 2297 emptoribus.

535 2402 543 2409 ‚
641 2328 699 2407 ξ.
750 2326 806 2389 1.
851 2321 1311 2409 Reprobamus
1335 2343 1534 2387 unam
1568 2320 2021 2389 detestabilem
2050 2312 2625 2407 conspirationem,
2652 2344 2860 2410 quam

471 2410 738 2499 quidam
801 2432 888 2477 ex
948 2408 1199 2475 metalli
1257 2406 1665 2494 emptoribus
1730 2419 1961 2475 contra
2023 2417 2312 2487 nostram
2378 2408 2861 2495 rempublicam

471 2498 812 2567 retroactis
875 2496 1282 2582 temporibus
1345 2497 1440 2559 sic
1493 2495 1906 2583 frequentius
1970 2496 2361 2582 injecerunt,
2408 2504 2482 2560 ut
2526 2495 2861 2582 quidquid

469 2585 722 2671 primus
781 2584 803 2647 i
853 2604 1072 2648 sorum
1133 2584 1204 2647 in
1264 2582 1595 2668 emptione
1660 2580 1909 2647 metalli
1972 2605 2013 2647 a
2072 2580 2294 2648 debito
2355 2581 2551 2667 longe
2600 2583 2863 2647 distans

470 2671 684 2758 pretio
730 2691 816 2734 ex
862 2668 1056 2753 ibeat‚
1103 2677 1262 2733 tunc
1307 2667 1640 2734 secundus
1686 2670 2158 2755 superveniens
2202 2678 2539 2755 tamquam
2591 2665 2859 2734 exhibi-

469 2758 669 2822 tionis
715 2754 892 2821 illius
937 2758 1210 2842 ignarus
1253 2754 1556 2823 exhibuit
1596 2756 1821 2821 statim
1868 2756 2104 2837 minus,
2148 2763 2217 2821 et
2262 2756 2361 2823 sic
2393 2754 2473 2821 de
2512 2755 2680 2819 aliis.
2727 2754 2863 2820 Ita-

471 2865 599 2931 que
660 2842 802 2911 veri
865 2852 1193 2929 emptores
1251 2843 1527 2908 istorum
1595 2841 1889 2909 versutia
1949 2841 2130 2909 dubii
2177 2842 2393 2907 effecti
2435 2850 2864 2909 recesserunt

468 2928 635 2996 nihil
668 2930 968 2995 emendo.
1011 2930 1150 3017 Ipsi
1195 2936 1418 2994 autem
1462 2928 1841 2993 venditores
1884 2928 2104 2993 affecti
2148 2928 2323 2995 tedio
2370 2927 2863 3016 compelleban-

471 3026 580 3082 tur
638 3018 857 3104 ipsum
918 3015 1154 3083 venale
1200 3014 1534 3081 metallum
1630 3038 1702 3080 ro
1749 3014 1956 3079 multo
2005 3016 2259 3097 minori,
2324 3036 2521 3107 quam
2566 3014 2863 3093 valebat,

469 3104 680 3191 pretio
727 3104 1118 3185 venundari,
1164 3102 1234 3166 in
1280 3122 1414 3166 non
1461 3123 1566 3166 mo
1616 3104 1790 3167 icum
1836 3109 2101 3167 nostrae
2163 3100 2449 3169 urburae
2511 3124 2589 3167 ac
2650 3104 2861 3169 totius

471 3187 893 3275 argentifodii
939 3186 1418 3277 praejudicium
1467 3196 1531 3253 et
1574 3211 1956 3275 gravamen.
2046 3193 2104 3271 ἓ.
2149 3189 2213 3253 2.
2287 3189 2389 3254 Ne
2450 3188 2574 3254 hoc
2618 3188 2702 3254 de
2748 3210 2861 3255 ce-

465 3286 606 3346 tero
651 3276 785 3357 fiat,
832 3277 956 3341 hac
1000 3285 1262 3341 nostrae
1325 3275 1853 3341 mansuetudinis
1897 3275 2043 3361 lege
2089 3274 2213 3341 sub
2262 3274 2536 3341 obtentu
2580 3285 2857 3341 nostrae

469 3364 725 3449 gratiae
784 3361 1229 3447 prohibemus,
1291 3370 1357 3427 et
1414 3371 1936 3447 transgressores
1999 3364 2291 3428 omnium
2337 3360 2661 3430 bonorum
2706 3384 2861 3430 suo·

469 3472 617 3515 rum
661 3447 1173 3535 publicationem
1222 3470 1371 3513 cum
1416 3449 1692 3514 infamia
1735 3451 2087 3536 patiantur,
2133 3445 2653 3515 irrevocabiliter
2708 3451 2862 3537 ipsa.

476 3535 652 3602 bona
695 3543 980 3613 nostrae.¹
1004 3556 1302 3603 camerae
1347 3536 1719 3620 irroganda,
1768 3544 2095 3623 quatenus
2138 3557 2355 3623 poena
2396 3537 2695 3623 ipsorum
2743 3536 2859 3602 alii

467 3632 838 3691 terreantur
866 3614 1107 3689 similia
1131 3631 1528 3709 perpetrare.
1575 3621 1931 3689 Gaudeant
1977 3620 2131 3687 boni
2178 3632 2243 3688 et
2288 3622 2502 3704 electi,
2544 3622 2631 3688 ab
2677 3624 2852 3709 ipso·

467 3732 612 3775 rum
661 3706 989 3775 consortio
1034 3708 1350 3795 reprobos
1396 3710 1490 3773 sic
1537 3708 1753 3791 evelli,
1802 3732 1887 3775 ne
1932 3708 2162 3774 talium
2208 3710 2576 3794 ignominia
2621 3732 2847 3777 macu-

468 3796 813 3878 lentur.·§.
840 3796 898 3863 3.
946 3794 1230 3881 lnsuper
1274 3793 1523 3860 metalli
1569 3795 1977 3881 emptoribus
2022 3817 2214 3861 omne
2250 3797 2363 3882 jus
2406 3802 2469 3861 et
2502 3796 2837 3881 judicium

405 3950 410 3955 ,
469 3884 955 3968 confirmamus,
1023 3882 1200 3971 quod
1258 3882 1326 3946 in
1385 3882 1568 3967 gazis
1629 3904 1746 3948 seu
1806 3882 2207 3949 conflatoriis
2254 3884 2391 3949 suis
2436 3905 2523 3948 ex
2566 3885 2840 3970 antiqua

365 3978 370 3985 '
469 3980 537 4037 et
577 3969 942 4059 approbata
986 3967 1461 4036 consuetudine
1506 3990 1717 4055 usque
1776 3969 1860 4035 ad
1905 3971 2067 4035 haec
2110 3979 2407 4056 tempora
2451 3968 2847 4050 habuerunt,

472 4056 827 4125 dummodo
871 4064 1238 4143 argentum,
1288 4055 1343 4121 si
1389 4055 1566 4143 quod
1613 4056 2066 4142 conflaverint,
2112 4057 2199 4123 ad
2222 4056 2692 4137 cambiendum
2740 4056 2843 4121 de-

467 4143 687 4215 ferant
728 4142 814 4209 ad
845 4152 1193 4210 monetam.
2411 4166 2415 4173 ·
