3150 5017
1270 347 1357 362 -
1432 312 1571 378 '221
1661 347 1752 362 -—

304 479 388 550 de
432 485 723 566 civitate,
768 485 942 550 sicut
962 485 1360 569 suspicionis
1400 493 1620 550 notam
1663 493 1730 550 et
1781 484 2260 571 quinquaginta
2299 481 2692 550 talentorum

302 591 619 658 poenam,
684 575 788 636 cui
846 591 995 648 eos,
1054 571 1111 636 si
1172 570 1723 651 contrafecerint,
1785 569 2108 636 obnoxios
2169 591 2314 638 esse
2373 571 2698 653 volumus,

304 658 687 743 cupiverint
728 659 1003 724 evitare,
2585 714 2597 735 ι

479 745 541 810 4.
585 743 677 809 Et
718 744 877 830 quia
918 742 1241 819 volumus,
1303 741 1477 830 quod
1524 741 1778 808 falsarii
1823 742 1904 808 de
1947 753 2123 808 terra
2167 753 2392 813 nostra
2423 745 2698 830 ‘penitus

303 831 756 918 exstirpentur
797 852 921 894 nec
966 831 1053 895 sit
1096 828 1285 895 locus
1326 832 1420 896 eis
1466 828 1592 893 vel'
1620 829 1880 894 occasio
1944 831 2415 914 commorandi,
2461 831 2696 896 damus

302 925 533 986 tenore
578 918 1025 1004 praesentium
1072 915 1388 1002 praefatis
1410 915 1743 1000 magistris
1783 926 2082 981 monetae
2113 917 2380 1003 plenam
2427 922 2491 983 et
2514 917 2697 982 :libe-

303 1027 447 1069 ram
489 1002 875 1069 facultatem
934 1002 1229 1068 intrandi
1286 1024 1433 1066 cum
1498 1000 1756 1067 duobus
1816 1002 1926 1068 vel
1993 1003 2204 1068 tribus
2256 1004 2498 1090 juratis
2543 1005 2698 1081 civi-

302 1091 463 1155 tatis
506 1090 616 1156 vel
660 1091 812 1155 aliis
855 1088 1113 1155 idoneis
1171 1089 1352 1170 viris,
1398 1089 1687 1170 domum,
1756 1087 1845 1155 de.
1898 1110 2028 1174 qua
2071 1088 2349 1156 habetur
2392 1091 2703 1176 suspicio,

350 1177 488 1242 uod
564 1177 635 1242 in
694 1199 773 1242 ea
830 1174 1070 1241 falsum
1144 1186 1487 1261 argentum
1564 1174 1832 1242 sudatur
1893 1175 1997 1240 vel
2059 1177 2486 1242 comburatur
2510 1224 2528 1259 ,
2592 1176 2700 1242 vel

374 1262 459 1328 lsi
506 1261 761 1329 denarii
782 1263 1207 1338 fabricentur,
1254 1270 1321 1326 et
1363 1263 1789 1350 perquirendi
1821 1261 2127 1328 falsarios
2171 1272 2236 1328 et
2276 1261 2696 1328 falsariorum

302 1351 765 1430 instrumenta,
810 1357 878 1414 et
920 1349 1299 1436 captivandi
1346 1371 1460 1414 eos
1502 1349 1575 1413 in
1618 1350 1785 1436 ipsa,
1831 1356 1906 1412 ut
1949 1349 2031 1414 de
2077 1349 2238 1436 ipsis
2262 1349 2378 1416 fiat
2411 1351 2696 1441 justitia,

305 1445 373 1502 et
413 1457 633 1522 poena
677 1436 1064 1522 pecuniaria
1108 1435 1649 1501 condemnentur.

478 1524 545 1589 5.
591 1523 662 1588 Si
706 1522 856 1609 quis
898 1543 1056 1587 ver-o
1102 1543 1189 1587 ex
1222 1522 1466 1607 juratis
1508 1523 1618 1588 vel
1663 1520 1814 1585 aliis
1859 1521 2282 1608 quibuslibet,
2327 1522 2702 1613 praedictos

305 1610 657 1696 magistros
702 1618 1003 1674 monetae
1064 1609 1361 1674 comitari
1404 1609 1490 1672 ad
1549 1606 1892 1696 praedicta
1936 1607 2400 1695 exequendum·
2437 1630 2698 1675 reeusa-

305 1698 481 1762 verit
524 1697 901 1782 requisitus,
960 1693 1069 1760 vel
1140 1696 1196 1760 si
1256 1693 1494 1781 aliquis
1554 1694 2046 1777 contradixerit,
2107 1704 2180 1761 ut
2240 1695 2506 1762 domum
2566 1716 2701 1761 non

305 1784 529 1858 intret,
573 1803 693 1850 seu
737 1780 1139 1848 defenderitz
1184 1789 1348 1846 tunc·
1376 1781 1703 1862 volumus,
1751 1781 1930 1866 quod,
1973 1784 2375 1848 camerarius
2421 1782 2503 1848 de
2548 1783 2694 1870 ipso

304 1879 627 1956 tanquam
670 1868 755 1935 de
800 1867 1069 1934 falsario
1114 1871 1538 1953 pecuniarum
1579 1887 1864 1955 ’poenam
1909 1877 2146 1934 sumat.
2581 1915 2588 1920 .

485 1957 545 2022 6.
590 1955 699 2020 Ad
745 1952 909 2020 haee
968 1955 1024 2020 si
1069 1953 1248 2041 apud
1308 1954 1595 2041 aliquem
1657 1952 1765 2019 vel
1811 1953 2262 2019 macellarium
2299 1951 2416 2019 've-l
2461 1975 2702 2042 caupo·

306 2064 459 2108 nem
522 2041 631 2107 vel
690 2061 1149 2127 quemcunque
1208 2041 1411 2106 alium
1473 2042 1568 2108 rei
1645 2039 1998 2126 cujuslibet
2055 2040 2488 2107 :venditorem
2549 2041 2704 2106 falsi

307 2129 559 2194 fuerint
600 2129 857 2193 inventi
917 2125 1191 2209 denarii,
1253 2136 1318 2193 et
1386 2150 1455 2193 se
1516 2126 1695 2214 quod
1755 2148 1872 2212 pro
1919 2129 2362 2193 mercimoniis
2409 2129 2546 2192 suis
2587 2148 2703 2193 eos

307 2214 653 2300 receperit,
696 2233 832 2279 non
876 2215 1116 2301 poterit
1172 2213 1654 2280 rationabiliter
1711 2234 2062 2279 excusare:
2123 2214 2586 2302 praecipimus,
2633 2222 2708 2278 ut

308 2300 522 2384 illum,
569 2302 682 2387 qui
728 2301 855 2365 sibi
900 2300 1081 2366 dedit
1140 2322 1273 2380 eos,
1336 2301 1668 2388 magistris
1729 2308 2030 2366 monetae
2089 2299 2216 2365 vel'
2257 2302 2554 2366 nominet
2597 2299 2704 2366 vel

307 2388 635 2463 ostendat,
696 2386 993 2472 alioquin
1066 2389 1133 2451 in
1202 2389 1437 2472 viginti
1500 2387 1788 2454 denariis
1849 2408 1966 2473 pro
2026 2387 2170 2452 vice
2216 2385 2706 2472 qualibet'eum

310 2474 621 2540 volumus
664 2472 1107 2539 condemnarit

488 2563 547 2626 7.
591 2560 913 2626 Volumus
958 2561 1175 2641 etiam,
1236 2560 1411 2648 quod
1474 2559 1696 2625 nullus
1743 2569 1918 2627 emat
1977 2559 2083 2626 vel
2127 2559 2374 2625 vendat
2419 2581 2528 2626 res
2571 2583 2707 2625 mo-

308 2645 503 2729 biles,
546 2655 661 2711 aut
704 2668 775 2711 se
838 2648 1176 2712 moventes
1240 2655 1461 2728 metat,
1509 2655 1624 2711 aut
1685 2648 1913 2711 vineas
1974 2645 2166 2726 colat,
2229 2647 2356 2712 nisi
2402 2669 2550 2711 cum
2599 2647 2707 2712 de·

307 2735 515 2798 nariis
561 2733 642 2798 de
688 2743 968 2808 moneta,
1029 2733 1500 2799 Wienensibus
1562 2741 1632 2798 et
1675 2732 2027 2813 cujuslibet
2085 2733 2359 2798 alterius
2417 2735 2706 2820 regionis

308 2821 575 2908 penitus
618 2819 1023 2901 interdictis3
1070 2819 1127 2883 si
1171 2820 1316 2905 quis
1361 2829 1577 2885 autem
1621 2821 2023 2884 contrarium
2069 2820 2315 2896 fecerit,
2359 2821 2429 2884 in
2476 2821 2706 2886 decem

309 2905 579 2972 talentis
626 2928 742 2988 pro
791 2907 937 2971 vice
982 2906 1278 2992 qualibet
1322 2908 1654 2992 puniatur.

488 2995 551 3058 8.
596 2993 919 3058 Volumus
965 2993 1258 3078 insuper,
1305 2993 1481 3080 quod
1526 2992 1694 3058 nulli
1719 2992 1914 3057 liceat
1953 2990 2199 3059 habere
2245 3001 2554 3057 stateram
2601 2992 2709 3058 vel

310 3079 579 3167 pondus
636 3079 719 3144 ad
784 3087 1127 3164 argentum
1188 3077 1295 3144 vel
1356 3099 1589 3144 aurum
1655 3077 2177 3165 ponderandum,
2240 3079 2368 3143 nisi
2431 3077 2514 3142 de
2576 3101 2708 3143 ma·

308 3169 667 3252 gistrorum
727 3174 1030 3231 monetae
1088 3165 1356 3231 licentia
1402 3175 1465 3230 et
1507 3165 1754 3240 favore,
1815 3167 1986 3230 sicut
2029 3165 2432 3250 praedictam
2480 3163 2707 3230 decem

310 3252 714 3318 talentorum
760 3273 1039 3337 poenam
1087 3253 1459 3337 cupiverint
1502 3254 1770 3317 evitare.

484 3340 549 3404 9.
595 3339 949 3403 Praeterea
967 3337 1339 3403 inhibemus
1362 3359 1693 3424 expresse,
1738 3358 1822 3400 ne
1867 3335 2127 3424 aliquis,
2175 3339 2315 3402 sive
2363 3337 2520 3403 baro
2567 3341 2708 3408 sive

312 3426 485 3492 alter
551 3425 945 3511 quicunque,
1007 3427 1355 3510 magistros
1400 3435 1701 3490 mone-tae
1744 3423 1852 3488 vel
1899 3445 2050 3489 suos
2097 3435 2549 3510 procuratores
2594 3435 2711 3491 aut

312 3512 587 3586 nuntios
655 3511 727 3576 in
770 3509 949 3591 foris,
1010 3510 1210 3592 villis,
1268 3511 1650 3576 civitatibus
1709 3510 2010 3576 molestet
2067 3511 2174 3576 vel
2221 3510 2556 3577 offendere
2597 3535 2708 3578 au-

310 3598 467 3664 deat
514 3619 631 3662 seu
672 3607 1069 3683 praesumat,
1116 3603 1285 3662 sicut
1328 3599 1807 3683 quinquaginta
1848 3596 2069 3684 (cod.
2115 3597 2248 3662 Zd.
2295 3599 2561 3685 viginti)
2607 3608 2708 3663 ta-

311 3684 647 3750 lentorum
739 3705 969 3749 oenam
1018 3685 1387 3771 cupiverint
1404 3687 1672 3749 evitare.
1719 3682 1852 3748 Sed
1899 3685 1950 3747 si
1989 3683 2213 3749 forsan
2259 3705 2378 3771 per
2419 3687 2708 3770 aliquem

314 3771 573 3838 denaizii
614 3769 683 3834 fa
712 3771 765 3833 si
811 3770 990 3856 apud
1036 3770 1497 3855 magistrorum
1536 3778 1834 3834 monetae
1857 3779 2342 3855 procuratorem
2389 3771 2497 3837 vel
2545 3793 2708 3836 nun-

312 3859 481 3927 tium
524 3856 772 3922 fuerint
817 3855 1229 3942 deprehensi,
1275 3865 1433 3921 tunc
1456 3856 1780 3937 volumus,
1829 3854 2005 3943 quod
2041 3857 2183 3943 ipse
2208 3857 2514 3922 denarios
2559 3857 2709 3924 illos

314 3943 704 4010 examinare
746 3965 880 4008 non
925 3942 1143 4026 faciat,
1189 3943 1307 4008 sed
1350 3943 1896 4030 comprehensum
1945 3954 2009 4008 et
2033 3943 2334 4008 denarios
2381 3946 2710 4030 magistris

314 4039 619 4096 monetae
666 4038 733 4094 et
776 4031 1135 4094 camerario
1181 4038 1573 4116 praesentet,
1623 4039 1696 4095 ut
1739 4039 1806 4096 et
1850 4030 2102 4095 denarii
2149 4050 2368 4094 coram
2415 4033 2513 4096 eis
2555 4053 2710 4096 exa-

312 4117 665 4194 minentur,
712 4123 779 4180 et
822 4114 1231 4202 deprehenso
1276 4116 1393 4180 fiat
1428 4116 1709 4202 justitia,
1757 4125 1828 4180 ut
1871 4118 2248 4202 pecuniario
2291 4119 2621 4202 puniatur.

498 4203 598 4267 10.
641 4201 811 4267 Item
856 4202 1181 4286 volumus,
1244 4202 1421 4290 quod
1466 4201 1688 4267 nullus
1724 4201 2026 4290 judicum
2073 4211 2185 4268 aut
2229 4202 2551 4270 baronum
2597 4213 2710 4270 aut

316 4287 643 4356 nobilium
684 4289 811 4356 sibi
844 4289 1019 4376 juris
1078 4299 1353 4377 usurpet
1410 4287 1666 4377 aliquid
1729 4291 1800 4355 in
1867 4299 2148 4368 moneta,
2206 4310 2420 4378 neque
2463 4292 2534 4358 in
2579 4311 2722 4359 mas
