3150 5017
1180 317 1477 382 -171
1607 353 1690 364 —

410 486 513 552 27.
556 486 665 552 Ad
710 507 879 574 quae
911 485 1173 572 judicia
1215 487 1271 552 si
1316 486 1465 572 quis
1507 508 1646 554 non
1703 487 1982 568 venerit,
2043 488 2099 554 si
2144 485 2332 554 nulla
2375 496 2609 554 contra

252 593 385 641 eum
428 581 727 639 movetur
770 573 1202 660 querimonia,
1272 573 1511 658 viginti
1581 572 1890 639 denarios
1933 571 2119 640 dabit
2175 595 2296 660 pro
2357 595 2605 659 ρωπος

255 660 301 725 si
338 679 487 809 verg
529 657 755 746 aliqua
796 667 1023 725 contra
1089 679 1239 724 eum
1306 660 1719 745 querimonia
1761 659 1979 743 fuerit,
2034 658 2136 725 IV
2179 659 2430 726 solidos
2495 659 2607 725 da—

254 743 337 810 bit
378 745 439 810 'u
486 743 593 809 ici.

364 765 505 899 J28.
550 829 625 896 Si
712 829 815 982 uli?
854 827 1079 896 verbis
1101 831 1465 897 excesserit
1491 831 1565 896 in
1589 828 1836 898 eisdem
1851 829 2146 916 judiciis,
2168 829 2338 898 VIH
2361 829 2606 898 solidos

250 917 308 980 in
426 935 620 980 enam
738 919 745 924 ’
798 916 866 981 it.
1314 962 1326 971 ·

344 935 503 1068 ΡέΘ.
550 1001 802 1068 Omnes
845 1009 1064 1066 autem
1110 1022 1383 1088 poenae,
1428 1023 1600 1088 quae
1625 1000 1868 1068 dantur
1908 1003 1979 1066 in
2023 1002 2168 1068 istis
2191 1010 2257 1068 et
2282 1003 2353 1068 in
2399 1000 2605 1081 omni·

251 1087 355 1152 bus
406 1086 696 1174 judiciis,
758 1086 1015 1154 mediae
1078 1085 1596 1170 relaxabuntur,
1651 1097 1718 1154 et
1777 1087 2035 1156 mediae
2083 1087 2302 1174 judici
2359 1085 2605 1174 persol-

251 1182 483 1239 ventur.

342 1259 349 1264 ’
394 1258 497 1323 30.
542 1259 715 1326 Item
757 1261 828 1326 in
872 1257 979 1324 die
1042 1259 1291 1326 forensi
1349 1267 1537 1326 tanta
1595 1268 1698 1326 est
1739 1257 2010 1326 libertas
2050 1259 2178 1326 fori
2231 1258 2487 1346 publici
2529 1259 2604 1326 iu

248 1343 641 1497 Lnbagifht
684 1430 997 1517 quicquid
1042 1431 1273 1497 emerit
1317 1430 1665 1518 quisquam
1709 1433 1780 1497 in
1825 1430 1953 1497 hoc
2015 1431 2160 1497 foro
2204 1438 2271 1497 et
2311 1429 2438 1497 boc
2480 1449 2600 1515 po·
2643 1395 2662 1533 R

252 1516 383 1582 terit
420 1515 715 1603 legitime
779 1513 1225 1602 comprobare,
1290 1519 1490 1584 etiam
1537 1517 1595 1584 si
1638 1517 1757 1582 illa
1798 1538 1900 1583 res
1944 1519 2036 1585 im
2083 1525 2301 1584 etatur
2343 1515 2431 1582 ab
2475 1514 2600 1580 ali-
2657 1536 2667 1611 χ

250 1623 361 1690 quo
399 1604 665 1669 nomine
706 1602 867 1668 furti
906 1601 1017 1669 vel
1061 1605 1367 1689 rapinam
1410 1604 1539 1690 ipsi
1583 1605 1864 1691 emptori
1905 1603 2044 1670 nihi
2109 1624 2196 1670 ex
2237 1602 2364 1670 hoc
2405 1601 2602 1689 depe·
2663 1618 2670 1679 ξ

252 1691 359 1754 riet
395 1689 465 1753 in
507 1688 709 1755 rebus
751 1690 889 1754 suis
930 1697 1048 1755 aut
1089 1688 1371 1772 honore3

406 1774 511 1840 32.
554 1773 691 1840 Sed
736 1775 793 1840 si
834 1775 907 1840 in
952 1773 1174 1862 platea
1229 1774 1339 1842 vel
1399 1777 1471 1840 in
1515 1773 1711 1841 domo
1770 1784 1960 1842 extra
2016 1776 2232 1842 forum
2293 1782 2406 1840 aut
2461 1791 2600 1839 non

252 1861 311 1924 in
350 1859 448 1926 die
488 1860 739 1927 forensi
782 1861 1132 1948 quicquam
1193 1862 1426 1928 emerit
1481 1861 1606 1926 sub
1663 1860 2039 1928 testimonio
2081 1859 2397 1927 honestos
2457 1860 2600 1946 ipse
2659 1896 2666 1929 ε

252 1947 491 2033 quidem
532 1948 853 2012 innocens
910 1949 1037 2013 erit
1092 1949 1163 2015 in
1207 1947 1404 2030 fama,
1464 1948 1521 2014 si
1564 1968 1672 2013 res
1716 1947 1834 2012 illa
1889 1948 2246 2034 impetatur
2289 1954 2357 2012 et
2400 1947 2600 2011 etiam

258 2034 686 2184 ‘'mviiimgf’
715 2032 1127 2186 33301'5332‘
1162 2055 1499 2186 ἕέἰ.ῗὲῗῗέ
1543 2033 1937 2185 “13522123‘
1978 2055 2120 2185 ξ’ἔξί,
2144 2033 2456 2184 θὲἓῗῖἓὲ·
2504 2114 2590 2182 «ι.

248 2202 400 2271 furto
460 2203 795 2271 tenebitur
856 2226 1098 2294 respon
1147 2228 1276 2289 ere,
1336 2207 1395 2273 si
1457 2166 1565 2272 res
1625 2207 1989 2288 evincatur,
2047 2212 2114 2270 et
2175 2224 2455 2290 poenam
2503 2201 2597 2268 le·
2667 2208 2676 2293 ᾖ

250 2292 521 2374 gitimam
564 2288 934 2357 sustinebit.
2671 2308 2678 2319 '

400 2378 503 2442 34.
546 2375 719 2442 Item
764 2377 820 2442 si
864 2377 973 2442 fur
1014 2375 1103 2443 ali
1152 2378 1255 2442 uis
1300 2378 1558 2463 capitur
1603 2398 1753 2442 cum
1797 2398 1870 2443 re
1912 2376 2176 2456 furtiva,
2245 2371 2595 2439 dimidium

244 2460 551 2528 fertonem
616 2461 881 2529 valente
940 2463 1049 2530 vel
1167 2472 1287 2544 tra,
1354 2473 1420 2530 et
1476 2461 1591 2528 ille
1700 2464 1768 2530 ui
1826 2462 2040 2530 furem
2081 2461 2470 2548 insequitur,
2514 2453 2597 2526 de

249 2547 2599 2724 ἓξῖἰῖἑιῖᾞῗᾚῗὲ.θ’ἓΐςήὶήξὶέἒῃῗὼοέἐ“ξέἱᾷἓξ“ῗὴῗὲ“ἷὲἓὲἰέἐ

1489 2681 1511 2720 3
2428 2705 2432 2708 .

249 2719 442 2806 ipsum
486 2729 941 2807 prosequetur.

400 2807 505 2874 35.
550 2807 662 2874 De
706 2804 1153 2895 praedonibus
1195 2828 1355 2874 vero
1397 2806 1575 2873 idem
1619 2808 1756 2874 fiat.

398 2893 499 2959 36.
546 2893 619 2958 Si
662 2903 883 2960 autem
924 2913 1033 2960 res
1078 2894 1324 2960 furtiva
1380 2895 1601 2960 minus
1639 2913 1838 2980 quam
1884 2889 2226 2958 dimidium
2271 2891 2594 2957 fertonem

252 2976 525 3061 valuerit,
574 2987 641 3045 et
682 3000 834 3044 reus
876 2987 1076 3044 antea
1117 3002 1251 3046 non
1296 2977 1422 3046 fuit
1451 2981 1750 3047 infamis:
1794 3002 1929 3046 non
1973 2976 2429 3066 suspendetur,
2471 2973 2594 3041 sed

244 3062 413 3146 juxta
454 3072 739 3130 statuam
782 3066 853 3130 in
895 3064 1164 3153 publico
1207 3067 1412 3150 virgis
1455 3067 1786 3133 caedetur.

394 3151 497 3216 37.
544 3149 621 3216 Si
664 3173 820 3217 vero
864 3161 1059 3218 antea
1104 3150 1231 3217 fuit
1270 3152 1552 3228 infamis,
1599 3150 2058 3237 suspendatur.

396 3237 499 3302 38.
541 3235 713 3302 Item
758 3238 813 3302 si
857 3239 1005 3324 quis
1064 3259 1107 3302 a
1171 3259 1294 3304 sua
1333 3238 1696 3305 hereditate
1740 3235 2146 3318 discesserit,
2220 3242 2288 3300 et
2342 3230 2597 3299 nullam

251 3318 383 3386 iude
416 3323 749 3408 justitiam
808 3322 1040 3390 fecerit
1095 3330 1170 3388 ut
1210 3332 1511 3392 tenetur:
1557 3325 1616 3390 si
1649 3322 1865 3410 judex
1922 3342 2072 3388 eum
2139 3320 2599 3406 provocaverit

254 3413 313 3470 ut
348 3407 727 3491 satisfaciat,
783 3417 850 3475 et
890 3409 912 3475 i
964 3429 1035 3474 se
1077 3406 1206 3474 hoc
1248 3408 1640 3497 neglexerit,
1699 3407 1785 3475 ad
1888 3409 2124 3474 rimum
2169 3414 2595 3494 praeceptum

252 3493 553 3560 tenebitur
594 3493 805 3578 judici
862 3516 903 3561 a
1001 3515 1284 3583 poenam
1349 3498 1642 3583 quinque
1703 3492 1824 3560 soli
1873 3515 2092 3577 orum;
2152 3495 2208 3558 si
2267 3511 2428 3558 vero
2495 3511 2592 3556 se-

252 3578 440 3645 cundo
472 3582 701 3666 jussus
745 3601 879 3646 non
923 3580 1331 3664 satisfecerit,
1377 3581 1562 3649 dabit
1605 3581 1772 3648 VIII
1829 3578 2106 3664 solidos3
2165 3579 2224 3645 si
2268 3597 2427 3643 vero
2470 3597 2596 3642 nec

244 3667 416 3730 ‚tertio
456 3664 862 3750 satisfecerit,
926 3669 1199 3753 triginta
1240 3667 1359 3734 soli
1367 3669 1485 3736 dos
1530 3667 1736 3735 dabit.
1819 3664 2116 3733 Tandem
2153 3665 2366 3746 judex
2409 3682 2594 3747 prae·

252 3749 421 3836 cipiet
458 3754 539 3835 ei,
584 3754 811 3819 venire
853 3754 1027 3820 infra
1066 3775 1314 3820 annum
1366 3763 1433 3822 et
1476 3755 1648 3821 diem
1665 3800 1684 3836 ,
1729 3761 1795 3821 et
1837 3751 2248 3832 satisfacere;
2295 3747 2472 3836 quod
2535 3747 2594 3814 si

253 3836 622 3922 neglexerit,
665 3840 815 3926 ipsa
854 3839 1184 3907 hereditas
1228 3841 1426 3910 adiud
1434 3841 1716 3908 {cabitur
1759 3840 1950 3908 nobis
1994 3847 2062 3905 et
2101 3839 2228 3906 iste
2271 3833 2468 3902 cadet
2505 3829 2593 3898 ab

256 3925 407 3988 omni
450 3925 760 4012 deinceps
803 3928 1083 3993 actione.

262 4092 276 4106 ·
404 4010 502 4077 39.
558 4011 728 4077 Item
787 4014 845 4078 si
902 4013 1051 4099 quis
1170 4015 1551 4100 rosequitur.
1597 4034 1838 4101 equum
1898 4010 2026 4078 sibi
2086 4007 2458 4090 sublatum,
2525 4011 2594 4072 et

258 4114 446 4180 ipsum
475 4098 760 4164 voluerit
803 4034 1282 4165 sententiaiiter
1322 4099 1656 4168 obtinere:
1700 4101 1918 4186 ipsum
1961 4117 2204 4184 equum
2249 4113 2459 4180 usque
2505 4089 2594 4156 ad

261 4198 320 4242 so
357 4183 571 4249 timum
624 4185 1162 4268 guaranditorem
1229 4195 1678 4275 prosequetur,
1733 4194 1802 4254 et
1846 4194 2006 4251 tunc
2048 4203 2292 4270 equum
2336 4177 2591 4266 perdet,
2641 4167 2650 4291 Ι

261 4283 331 4329 ve
387 4269 853 4338 sententialiter
896 4270 1243 4338 obtinebit.
2635 4295 2648 4318 ³
