3150 5017
1557 288 2032 357 ...Μ-

602 460 891 526 nutionis
936 460 1045 525 vel
1092 460 1525 548 calumpniae,
1634 464 1764 527 uod
1823 484 1956 529 non
2003 463 2352 548 credimuS‚
2415 465 2590 531 circa
2675 485 2744 529 ra
2759 462 2928 529 edicta

606 545 942 629 cavillose,
988 546 1315 613 malitiose
1375 548 1483 614 vel
1529 485 1810 615 sudidole
1849 560 2072 637 posset
2131 552 2408 639 opponi,
2468 574 2634 639 supp
2663 570 2829 617 emus
2863 548 2925 613 de

604 632 1013 722 plenitudine
1058 636 1279 719 regiae
1325 635 1706 722 MajestatiS.

770 719 852 784 In
897 721 1091 807 cujus
1135 722 1230 786 rei
1275 724 1726 789 testimonium
1770 745 2085 809 praesens
2153 726 2470 812 scriptum
2535 733 2786 791 nostrae
2820 720 2928 786 Ma·

600 807 863 895 jestatis
910 806 1128 893 sigillo
1172 808 1453 874 fecimus
1498 811 1913 876 communiri.-

777 894 1028 958 Datum
1090 894 1441 961 Erfordiae
1498 896 1618 962 VI.
1675 896 1963 963 Kalend.
2025 896 2348 975 Octobris,
2433 896 2792 963 Indictiene
2840 894 2929 959 111.

600 978 798 1045 Anno
844 980 1117 1046 Domini
1160 980 1513 1048 Millesimo
1583 984 2036 1050 ducentesimo
2093 986 2542 1071 nonagesimo,
2599 984 2772 1070 regni
2809 1001 2932 1046 vero

604 1068 813 1133 nostri
858 1088 1035 1132 anno
1080 1069 1357 1157 septimo
1406 1070 1680 1136 decimo.

1744 1364 1847 1431 85.

607 1501 925 1585 Literae
998 1522 1085 1585 co
1094 1460 1634 1585 nfirmatoriae
1707 1502 2109 1607 Rudolphi
2179 1504 2400 1609 regis
2460 1503 2554 1586 ‹le
2598 1504 2774 1609 J'ure
2819 1498 2944 1605 pin·

679 1610 1050 1690 cernatus
1112 1612 1195 1689 et
1254 1605 1740 1689 electoratus
1795 1607 1974 1713 regi
2024 1606 2378 1691 Boemiae
2435 1610 2907 1718 competente.

1532 1744 1718 1827 1290,
1765 1746 1868 1813 26.
1915 1745 2093 1833 Sept.

813 1904 1133 1971 Rudolphus
1189 1904 1359 1955 literis
1407 1902 1688 1952 Erfordiae
1736 1904 1819 1952 26.
1878 1902 2024 1969 Sept.
2076 1904 2213 1955 1290
2263 1904 2401 1954 datis
2437 1903 2612 1956 denuo
2655 1909 2824 1955 ratum
2854 1898 2952 1951 fecit

606 1974 700 2040 jus
736 1974 1079 2041 pincernatus
1116 1980 1278 2039 atque
1306 1973 1624 2023 electoratus
1659 1972 1872 2037 regibus
1907 1972 2162 2024 Boemiae
2195 1974 2254 2023 in
2287 1974 2510 2039 imperio
2557 1974 2800 2025 Romano
2844 1968 2953 2021 snti-

613 2045 795 2109 quitus
832 2048 1139 2109 competens
1176 2042 1305 2108 (vid.
1342 2058 1395 2089 n.
1434 2038 1571 2108 82.);
1612 2054 1745 2107 quas
1779 2040 1962 2092 literas
2007 2042 2195 2093 iisdem
2241 2042 2436 2107 quibus
2471 2044 2794 2109 perscriptae
2835 2042 2953 2089 erant

605 2114 803 2181 verbis,
842 2112 1066 2165 carolus
1100 2112 1197 2164 IV.
1231 2112 1455 2161 inseruit
1490 2111 1660 2161 literis
1697 2109 1836 2161 (latis
1875 2112 1922 2161 7.
1958 2110 2088 2177 Apr.
2127 2112 2280 2175 1348,
2316 2110 2693 2178 Pulkavaqne,
2739 2108 2950 2161 historia·

607 2199 726 2235 rum
762 2184 999 2249 scriptor,
1038 2181 1317 2233 Chronicis
1352 2181 1463 2230 suis
1501 2178 1569 2230 ad
1607 2193 1810 2230 annum
1849 2180 2001 2234 1290.

783 2282 1173 2370 Rudolphus
1218 2283 1349 2347 Dei
1394 2281 1610 2368 gratia
1654 2281 2098 2345 Romanorum
2161 2304 2282 2347 rex
2348 2304 2609 2370 semper
2653 2287 2952 2371 augustus.

780 2368 1129 2435 Universis
1189 2370 1357 2434 sacri
1418 2368 1688 2454 Imperii
1733 2367 2014 2432 Romani
2073 2367 2402 2445 fidelibus,
2461 2379 2841 2456 praesentes
2879 2366 2952 2430 lit·

608 2464 784 2521 teras
828 2456 1242 2543 inspecturis,
1289 2456 1569 2541 gratiam
1617 2476 1802 2519 suam
1847 2463 1912 2520 et
1957 2476 2150 2521 omne
2195 2454 2461 2521 bonum.

783 2541 1049 2623 Quanto
1087 2544 1242 2627 jura
1301 2561 1728 2627 personarum
1791 2540 2119 2626 prodeunt
2170 2542 2244 2606 in
2311 2542 2523 2608 lucem
2573 2543 2810 2609 notitia
2849 2538 2953 2605 cla-

615 2628 793 2709 riori,
858 2636 1046 2695 tanto
1101 2627 1417 2715 liquidius
1478 2628 1841 2713 posteritati
1925 2649 2346 2694 successurae
2419 2632 2696 2695 materia
2741 2626 2957 2693 tollitur

616 2713 1001 2781 altercandi.
1082 2713 1543 2801 Inquisitionis
1605 2714 1806 2799 igitur
1866 2715 2384 2801 circumspectae
2442 2716 2837 2802 praehabita
2883 2711 2956 2775 in·

614 2800 874 2886 dagine,
919 2802 1231 2867 scrutinio
1279 2824 1363 2866 ue
1422 2800 1645 2866 solerti
1691 2800 1860 2867 scire
1923 2801 2467 2885 desideravimus,
2531 2802 2700 2889 quid
2779 2819 2950 2888 quan-

612 2896 839 2953 tumve
888 2888 1059 2975 juris
1102 2889 1173 2953 in
1281 2909 1519 2953 emano
1562 2896 1892 2973 competat
1935 2888 2222 2974 Imperio
2269 2897 2335 2955 et
2378 2890 2446 2953 in
2493 2888 2820 2955 electione
2858 2884 2962 2952 Ro-

617 2994 962 3040 manorum
1008 2977 1201 3061 regis,
1248 2972 1452 3040 futuri
1472 2974 1918 3059 Imperatoris,
1964 2974 2214 3061 inclyto
2251 2978 2390 3061 regi
2429 2976 2772 3059 Boemiae,
2859 2973 2964 3037 rin-

612 3062 741 3146 cipi
788 3071 855 3126 et
896 3061 1033 3127 filio
1078 3069 1304 3126 nostro
1351 3061 1708 3140 carissimo,
1771 3069 1836 3127 et
1879 3060 2234 3127 heredibus
2295 3063 2524 3149 ipsius.
2616 3062 2774 3145 Quo
2813 2996 2965 3126 {aeto

612 3148 1007 3235 principum,
1070 3148 1412 3229 baronum,
1473 3146 1796 3211 nobilium
1837 3156 1920 3213 et
1981 3169 2326 3235 procerum
2370 3148 2644 3235 Imperii
2689 3171 2821 3215 nec
2864 3164 2966 3211 non

612 3242 1074 3300 veteranorum
1136 3236 1467 3299 communi
1515 3234 1872 3301 assertione·
1931 3244 1998 3300 et
2040 3234 2352 3301 concordi
2397 3236 2776 3303 testimonio
2819 3253 2968 3300 com·

614 3322 907 3407 perimus
951 3330 1338 3387 assonante:

785 3406 837 3471 I.
881 3407 1106 3495 Ipsum
1152 3428 1373 3493 regem
1418 3406 1728 3472 Boemiae
1771 3406 2045 3494 Imperii
2107 3406 2346 3474 debere
2405 3410 2801 3495 pincernam
2859 3404 2966 3473 exi-

616 3501 787 3559 stere
854 3502 921 3560 et
971 3495 1083 3581 jus
1143 3516 1223 3559 ac
1282 3494 1567 3559 officium
1630 3494 2054 3579 pincernatus
2123 3493 2302 3581 apud
2347 3516 2495 3561 eum
2537 3517 2813 3563 necnon
2855 3493 2974 3579 ejus

612 3578 888 3646 heredes
938 3582 1077 3646 ‘ure
1120 3577 1513 3646 hereditario
1555 3578 1862 3645 residere.

784 3667 875 3733 II.
980 3668 1165 3732 xtitit
1210 3669 1407 3733 etiam
1472 3665 1758 3731 dilucide
1822 3666 2247 3749 declaratum,
2276 3692 2286 3700 ’·
2307 3667 2726 3754 praedictum
2773 3686 2972 3754 regem

611 3754 924 3821 Boemiae
968 3762 1034 3820 et
1078 3776 1231 3819 suos
1278 3752 1551 3821 heredes
1595 3754 1666 3818 in
1713 3752 2034 3819 electione
2055 3755 2232 3839 regis
2268 3755 2744 3837 Romanorum,
2791 3750 2971 3819 futuri

614 3842 1058 3943 Imperatoris,
1104 3863 1253 3906 cum
1301 3841 1533 3907 ceteris
1581 3840 1974 3907 electoribus
2036 3839 2280 3907 habere
2339 3840 2580 3908 debere
2623 3841 2716 3908 ad
2765 3838 2970 3908 simili·

613 3926 905 3994 tudinem
953 3928 1228 3995 aliorum
1291 3927 1648 3993 electorum
1711 3928 1998 4014 eligendi
2061 3926 2428 4014 plenarium
2463 3930 2578 4014 jus
2621 3936 2692 3994 et
2739 3947 2969 3995 vocem.

790 4014 912 4081 ΠΙ.
962 4014 1153 4083 Haec
1196 4036 1353 4081 vero
1391 4016 1549 4102 jura
1591 4016 2015 4101 pincernatus
2059 4023 2126 4079 et
2170 4014 2510 4081 electionis
2527 4016 2782 4081 nedum
2829 4014 2980 4081 dicto

616 4102 755 4187 regi
814 4110 879 4166 et
938 4103 1074 4169 suis
1132 4100 1479 4169 heredibus
1542 4101 1894 4167 didicimus
1950 4112 2346 4189 competere,
2417 4102 2537 4167 sed
2593 4104 2807 4169 etiam
2869 4100 2977 4167 suis

614 4189 1164 4340 progenitgribus,
1212 4190 1459 4269 abavis,
1508 4190 1744 4271 atavis,
1806 4190 2073 4276 proavis
2117 4197 2186 4255 et
2227 4190 2374 4255 avis
2407 4189 2562 4276 jure
2603 4188 2980 4276 plenissimo

616 4283 915 4360 compete
936 4293 938 4295 ·
962 4284 1095 4341 ant.
