3150 5017
1179 323 1611 395 ...Sl-...-

234 499 548 566 evidenter
599 497 928 585 intelligit,
973 504 1086 588 qui
1130 501 1485 588 prudenter
1528 505 1845 588 attendit3
1905 501 2230 570 Dominus
2276 501 2451 571 enim
2497 522 2573 570 ac

233 587 576 672 redemptor
596 594 836 668 noster,
877 589 988 672 qui
1013 590 1146 652 suis
1166 589 1471 654 universa
1495 591 2005 655 misericorditer
2048 591 2277 655 tribuit
2322 601 2573 656 creatu·

231 675 344 754 ris,
409 673 527 738 sibi
593 673 880 737 decimas
945 673 1016 738 in
1076 677 1335 762 signum
1399 676 1791 742 universalis
1854 679 2126 742 dominii
2191 682 2575 762 reservavit,

235 781 380 844 quas
440 781 556 846 per
611 767 817 823 totum
877 759 1100 826 orbem
1160 771 1478 827 terrarum
1540 764 1609 828 in
1657 785 1921 828 suorum
1969 766 2264 850 personis
2312 767 2581 831 servito-

233 866 359 910 rum
411 867 450 910 a
515 846 760 932 populo
809 847 962 912 -sine
1029 849 1542 914 contradictione
1590 849 1883 936 qualibet
1925 852 2161 938 recipit
2204 851 2580 917 christiano,

235 933 384 997 Sunt
442 933 616 996 enim
678 933 970 998 decimae
1037 935 1284 1000 tributa
1342 938 1673 1021 egentium
1735 939 2100 1004 animarum
2162 947 2228 1002 et
2290 937 2586 1003 subsidia

233 1018 658 1084 extollentium
722 1041 970 1104 organa
1029 1021 1294 1086 divinae
1357 1023 1591 1104 laudis,
1653 1045 1817 1110 quas
1884 1026 1997 1110 'qui
2042 1024 2316 1106 clericis,
2380 1027 2582 1089 immo

234 1105 428 1170 verius
486 1107 612 1192 ipsi
672 1105 820 1171 Deo
867 1105 1191 1172 subtrahit
1235 1107 1339 1174 vel
1389 1108 1644 1174 solvere
1691 1111 2096 1193 contradicit,
2160 1110 2579 1196 sacrilegium

234 1191 545 1258 evidenter
609 1193 885 1258 incurrit
930 1201 993 1258 et
1037 1194 1406 1280 improbum
1451 1196 1609 1261 furti
1654 1196 1900 1261 crimen
1946 1220 2080 1262 non
2126 1197 2370 1281 evadit,
2431 1199 2587 1285 quia

233 1301 352 1344 rem
397 1287 755 1344 contrectat
799 1279 1079 1363 alienam
1127 1282 1338 1346 invito
1385 1283 1673 1348 Domino
1722 1283 2154 1348 dominorum.

383 1367 513 1431 Nos
557 1366 790 1452 igitur,
866 1368 978 1452 qui
1040 1389 1126 1432 ex
1184 1377 1525 1454 susceptae
1584 1369 1921 1454 dignitatis
1982 1369 2196 1434 officio
2257 1371 2585 1435 universis

233 1452 501 1518 ecclesiis
563 1456 634 1516 in
696 1453 993 1517 districtu
1052 1453 1322 1519 dominii
1382 1456 1586 1520 nostri
1648 1457 2039 1538 constitutis,
2101 1456 2387 1521 debitam
2454 1478 2583 1520 ser-

232 1559 370 1604 vare
433 1549 737 1606 tenemur
803 1538 1174 1606 libertatem
1229 1549 1292 1605 et
1351 1551 1608 1606 nostros
1655 1563 1693 1607 a
1739 1541 2071 1608 sceleratis
2132 1543 2389 1607 actibus
2434 1543 2587 1608 sub·-

141 1703 150 1711 ·
232 1627 382 1690 ditos
425 1625 750 1699 cohibere.
795 1625 984 1692 vobis
1031 1635 1096 1692 et
1141 1629 1629 1693 successoribus
1674 1630 1911 1694 vestris
1956 1631 2025 1694 in
2049 1637 2439 1716 perpetu-um
2484 1631 2587 1715 jus

234 1711 672 1778 Olomucensis
735 1712 1054 1778 ecclesiae
1115 1737 1196 1778 ac
1257 1717 1545 1780 omnium
1618 1715 1893 1780 aliarum
1973 1714 2403 1798 declarando,
2471 1737 2589 1802 per

229 1809 583 1884 praesentes
644 1799 894 1864 litteras
956 1799 1394 1886 indulgemus,
1455 1810 1530 1866 ut
1590 1824 1707 1888 per
1762 1811 1964 1868 totam
2028 1803 2378 1869 dioecesim
2427 1803 2587 1868 Olo-

231 1908 581 1953 mucensem
647 1885 934 1951 decimas
995 1887 1356 1952 secundum
1402 1887 1680 1952 formam
1742 1910 2066 1953 canonum
2128 1891 2459 1976 recipiatis
2520 1897 2587 1955 et

232 1975 488 2059 exigatis
533 1996 622 2038 ex
667 1973 940 2058 integro,
987 1975 1290 2039 invocato
1337 1975 1422 2038 ad
1467 1975 1592 2039 hoc
1638 1975 1693 2038 si
1738 1995 2009 2040 necesse
2054 1975 2271 2056 fuerit,
2334 1975 2584 2040 auxilio

230 2067 466 2125 nostrae
511 2062 876 2148 potestatis,
924 2082 1120 2146 quam
1166 2083 1251 2124 ex
1294 2083 1473 2125 nunc
1499 2061 1688 2125 vobis
1735 2072 1799 2126 et
1836 2062 2327 2126 successoribus
2345 2063 2582 2126 vestris

231 2167 334 2230 per
389 2169 507 2212 nos
569 2155 638 2212 et
695 2145 971 2213 heredes
1033 2169 1110 2212 ac
1165 2169 1573 2212 successores
1629 2157 1885 2212 nostros
1931 2148 2088 2212 dare
2132 2149 2199 2210 in
2246 2147 2394 2223 fide,
2457 2169 2589 2233 qua

230 2233 358 2299 Deo
399 2243 720 2315 tenemur,
781 2234 1240 2319 promittimus,
1286 2235 1871 2321 quotienscumque
1916 2233 2231 2298 fuerimus
2275 2233 2590 2319 requisiti,

229 2341 347 2385 non
389 2320 690 2386 obstante
734 2342 942 2406 prava
985 2330 1050 2384 et
1093 2343 1404 2406 perversa
1447 2318 1923 2385 consuetudine
1967 2321 2407 2400 Morauorum,
2462 2341 2594 2406 qua

227 2428 287 2470 se
329 2406 550 2472 dicunt
593 2407 681 2472 ad
725 2406 1114 2471 solutionem
1160 2407 1557 2472 decimarum
1607 2429 1737 2471 non
1782 2407 2009 2488 teneri,
2034 2409 2189 2494 quia
2210 2406 2409 2492 longo
2434 2415 2594 2471 tem·

228 2514 372 2580 pore
415 2517 549 2559 non
595 2492 956 2574 solverunt,
999 2516 1133 2559 non
1181 2494 1593 2559 attendentes
1640 2492 1816 2581 quod
1860 2493 2008 2559 talis
2056 2494 2459 2559 consuetudo
2491 2501 2591 2558 est

225 2602 512 2664 perversa
555 2579 947 2666 corruptela,
993 2582 1148 2666 quia
1194 2581 1532 2646 christiani
1578 2603 1819 2645 nomen
1868 2591 1932 2646 et
1977 2582 2237 2668 signum
2287 2580 2578 2645 christia-

229 2668 435 2732 nitatis
478 2667 722 2749 abolet,
765 2688 890 2732 nec
935 2669 1251 2753 temporis
1282 2669 1350 2730 in
1371 2668 1628 2732 delictis
1675 2665 1942 2752 prodest
1988 2667 2400 2743 diuturnitas,
2432 2668 2589 2753 quia

225 2761 392 2820 tanto
455 2755 764 2842 graviora
829 2762 983 2818 sunt
1043 2755 1334 2837 crimina,
1397 2762 1642 2839 quanto
1706 2753 1949 2818 diutius
1992 2753 2290 2819 infelices
2335 2756 2594 2818 animas

229 2838 506 2907 detinent
549 2839 877 2926 alligatas.
1596 2847 1603 2854 '

382 2927 578 3005 Hanc
622 2937 839 2992 autem
886 2935 1147 2994 nostrae
1192 2928 1633 2992 concessionis
1692 2935 1756 2991 et
1816 2925 2275 2991 declarationis
2335 2926 2595 3008 seriem,

228 3013 523 3101 inspectis
568 3023 828 3080 'vestrae
895 3013 1260 3080 devotionis
1328 3015 1643 3095 servitiis,
1708 3033 1875 3098 quae
1941 3012 2131 3078 nobis
2191 3021 2258 3078 et
2315 3033 2596 3077 coronae
2671 3041 2687 3048 ·

227 3111 469 3167 nostrae
492 3122 775 3168 necnon
803 3109 1067 3166 sanctae
1092 3101 1427 3166 Romanae
1472 3100 1791 3165 ecclesiae
1835 3101 1904 3163 in
1951 3121 2230 3186 persona
2252 3109 2477 3164 nostra
2499 3099 2595 3163 in·

230 3198 544 3254 cessanter
591 3187 934 3270 exhibetis,
979 3197 1053 3252 ut
1098 3188 1180 3252 de
1224 3185 1422 3252 rebus
1466 3188 1727 3273 penitus
1772 3194 2084 3268 taceatur,
2130 3188 2305 3252 vitae
2336 3195 2595 3251 vestrae

230 3295 336 3359 pro
376 3275 569 3341 nobis
615 3280 748 3340 non
796 3282 1160 3361 parcentes,
1205 3273 1508 3340 volumus
1556 3284 1621 3338 et
1665 3274 1947 3358 petimus
1992 3273 2077 3336 ad
2116 3273 2591 3338 evidentiorem

235 3363 538 3426 cautelam
586 3383 704 3448 per
749 3361 970 3428 sedem
1018 3359 1443 3448 apostolicam
1494 3359 1888 3425 confirmari.

389 3450 556 3514 Acta
603 3457 756 3512 sunt
799 3449 964 3513 haec
1006 3449 1074 3511 in
1122 3447 1416 3528 Brunna,
1462 3445 1919 3532 praesentibus
1964 3443 2091 3509 hiis
2136 3446 2445 3512 testibus:
2483 3444 2595 3510 Al-

232 3531 403 3600 berto
447 3537 820 3622 praeposito
867 3535 934 3600 S.
979 3535 1154 3598 Petri
1199 3537 1266 3598 in
1312 3535 1605 3616 Brunna,
1660 3531 2076 3597 Erkenberto
2122 3532 2469 3597 burcrauio
2518 3531 2599 3595 de

235 3619 727 3704 Starkenbercb,
773 3623 1068 3686 Borsone
1116 3619 1474 3685 marscalco
1502 3627 1745 3700 nostro,
1770 3619 1961 3684 Jeros
2000 3621 2315 3705 pincerna
2354 3625 2597 3698 nostro,

235 3705 406 3772 Jeros
450 3717 516 3774 et
559 3709 846 3794 Hugone
890 3706 1204 3772 fratribus
1249 3707 1332 3770 de
1377 3706 1887 3787 Waldenberch‚
1932 3705 2223 3770 Hirzone
2280 3706 2599 3791 coquinae

237 3801 478 3861 nostrae
524 3799 858 3882 magistro,
905 3803 970 3858 et
1013 3793 1160 3859 aliis
1205 3815 1402 3880 quam
1454 3793 1771 3878 pluribus.

389 3882 638 3948 Datum
685 3904 802 3968 per
844 3903 1112 3946 manum
1159 3881 1452 3964 magistri
1475 3879 1783 3967 Dyonisii
1807 3877 2371 3964 wissegradensis
2418 3898 2601 3962 prae-

239 3969 436 4116 pIositi,
476 3970 666 4055 regni
710 3969 917 4033 nostri
962 3965 1356 4032 cancellarii.
1401 3969 1599 4032 Anno
1646 3966 1894 4030 domini
1939 3966 2031 4030 M.
2058 3963 2189 4030 CC.
2213 3963 2355 4029 XL.
2384 3963 2603 4047 VIII„

307 4052 352 4118 Ι.
391 4055 550 4121 Idus
599 4055 1006 4137 Decembris,
1054 4053 1410 4119 indictione
1457 4053 1770 4118 secunda.
2458 4092 2463 4097 -

335 4415 592 4462 streton
616 4421 777 4463 codex.
803 4421 835 4461 1.
2151 4401 2192 4465 6
