3150 5017
1538 298 2020 365 »οι-166-

614 471 829 540 decim
872 470 1165 555 denarii,
1217 476 1285 537 et
1328 469 1389 536 si
1430 471 1607 537 ultra
1661 471 1857 537 istius
1917 469 2177 536 numeri
2230 470 2666 555 quantitatem
2731 472 2938 561 aliquid

617 558 1010 626 fabricatum
1054 556 1272 640 fuerit,
1316 578 1437 644 pro
1481 557 1652 624 falso
1697 556 1942 624 debeat
1984 577 2182 643 opere
2224 556 2534 641 reputari.
2569 620 2575 631 ,

789 644 849 709 3.
910 643 1027 709 Bis
1085 651 1304 709 autem
1363 642 1543 710 infra
1601 666 1847 710 annum
1905 641 2404 709 renovabuntur
2463 642 2711 709 denarii
2727 692 2746 721 ,
2796 645 2938 710 vide·

612 728 771 797 licet
810 730 882 794 in
926 730 948 794 i
996 730 1130 795 sius
1188 729 1347 795 anni
1390 730 1734 818 principio,
1793 729 1919 794 hoc
1977 735 2078 795 est
2134 729 2205 792 in
2247 727 2413 794 festo
2457 727 2633 795 beati
2675 729 2854 813 Petri,
2890 740 2941 797 et

610 816 682 881 in
727 815 895 882 festo
996 816 1425 883 urificationis
1468 825 1628 882 tunc
1672 816 1968 902 proxime
2027 812 2346 895 affutur03
2392 822 2460 879 et
2518 815 2694 901 quod
2755 836 2941 883 omnes

613 902 983 989 emptiones
1027 910 1095 968 et
1137 900 1553 968 venditiones
1608 900 1751 967 fieri
1812 896 2098 967 debeant
2141 920 2291 965 cum
2353 900 2646 967 denariis
2687 910 2941 969 monetae

588 986 1024 1075 praedictae,
1068 995 1135 1053 et
1174 1008 1311 1053 non
1356 1007 1505 1053 cum
1552 1007 1712 1051 auro
1755 984 1865 1052 vel
1909 993 2202 1070 argento.

782 1074 847 1139 4.
890 1072 1215 1138 Volumus
1258 1072 1475 1153 etiam,
1519 1081 1598 1137 ut
1637 1070 1804 1137 nulli
1844 1071 2040 1137 liceat
2097 1068 2342 1136 habere
2401 1071 2700 1157 pondera
2739 1071 2818 1137 ad
2853 1094 2941 1137 au·

610 1178 756 1224 rum
801 1158 912 1224 vel
956 1168 1299 1244 argentum
1342 1157 1845 1243 ponderandum
1889 1158 2034 1223 sine
2056 1156 2395 1221 voluntate
2438 1156 2653 1243 ipsius
2695 1159 2942 1243 magistri

610 1254 946 1324 monetae,
1020 1254 1089 1310 et
1150 1243 1205 1310 si
1265 1243 1413 1330 quis
1472 1254 1753 1331 praeter
1789 1244 1996 1329 ipsius
2053 1241 2466 1308 voluntatem
2523 1241 2810 1331 pondera
2855 1243 2940 1310 ha-

610 1331 850 1413 buerit,
892 1332 965 1397 in
1006 1330 1244 1416 viginti
1285 1328 1554 1397 talentis
1598 1350 1748 1396 eum
1794 1328 2102 1395 volumus
2147 1327 2642 1415 condempnari.

730 1459 734 1463 «
784 1418 845 1484 5.
888 1415 1115 1483 Placet
1165 1416 1363 1482 etiam
1423 1416 1638 1499 nobis,
1699 1414 1873 1502 quod
1931 1413 2156 1480 nullus
2222 1412 2463 1481 audeat
2523 1416 2670 1481 auri
2723 1414 2823 1481 vel
2856 1436 2936 1479 ar-

690 1503 790 1567 nti
846 1501 1177 1568 cambium
1255 1522 1561 1569 exercere
1633 1510 1893 1588 praeter
1948 1500 2270 1587 praedicti
2312 1501 2612 1586 magistri
2685 1508 2939 1567 monetae

636 1588 944 1654 icentiam
990 1595 1055 1655 et
1084 1587 1503 1675 mandatum3
1547 1586 1928 1675 specialiter
1965 1586 2360 1670 inhibentes,
2419 1606 2508 1653 ne
2553 1588 2704 1675 quis
2740 1585 2938 1652 audeat

610 1694 761 1739 cum
807 1674 1095 1760 antiquis
1141 1672 1433 1740 denariis
1476 1682 1741 1758 metere,
1789 1672 1906 1739 sed
1950 1693 2097 1738 cum
2146 1672 2362 1740 novis.
2452 1748 2456 1753 ,

785 1759 845 1824 6.
889 1758 1458 1827 Volumus-etiam
1503 1758 1680 1846 quod
1738 1759 1807 1825 hi
1851 1760 1964 1846 qui
2024 1758 2329 1825 fabricas¹
2366 1766 2671 1825 monetae
2711 1781 2751 1823 a
2788 1756 2941 1825 nobis

612 1845 947 1911 tenuerint
986 1844 1096 1909 vel
1140 1845 1668 1933 comparaverint
1708 1847 1854 1931 jure
1891 1844 2286 1911 hereditario
2324 1845 2774 1931 possidendas,
2811 1842 2939 1908 nihil

613 1929 903 2016 amplius
935 1931 1110 2017 juris
1157 1953 1355 2018 quam
1400 1933 1586 2019 prius
1629 1932 1700 1998 in
1751 1941 2018 1999 moneta
2060 1929 2434 2014 habuerint,
2495 1930 2626 1996 sibi
2669 1950 2938 2016 usurpare

592 2025 1059 2103 praesumant,
1112 2025 1181 2084 et
1238 2018 1573 2105 magistris
1628 2028 1932 2085 monetae
1991 2017 2312 2084 obediant
2367 2017 2440 2085 in
2491 2016 2692 2085 licitis
2745 2025 2804 2085 et
2850 2014 2935 2079 ho-

607 2104 835 2169 uestis.

782 2196 843 2255 7.
886 2189 977 2255 Et
1033 2188 1431 2275 generaliter
1490 2190 1798 2257 omnibus
1864 2187 2134 2277 juribus
2193 2188 2438 2276 quibua
2497 2186 2791 2275 magistri
2835 2206 2936 2252 mo-

604 2283 799 2341 netae
842 2274 1178 2342 Moraviae
1220 2276 1539 2342 hactenus
1599 2285 1755 2343 sunt
1796 2276 1919 2359 usi,
1966 2275 2079 2362 qui
2121 2274 2402 2342 eandem
2447 2284 2773 2342 monetam
2812 2293 2934 2338 con-

606 2360 921 2427 duxerint
962 2384 1003 2426 a
1046 2362 1257 2444 nobis,
1298 2371 1367 2431 et
1410 2384 1582 2449 quae
1611 2362 1698 2429 ad
1741 2364 1952 2449 ipsam
1977 2368 2310 2428 monetam
2357 2370 2658 2449 spectare
2698 2378 2936 2425 noscun-

610 2455 723 2511 tur
749 2494 755 2502 .-
782 2447 1263 2515 rationabiliter
1282 2496 1301 2532 ,
1360 2449 1591 2536 ipsum·
1649 2450 1746 2514 uti
1813 2448 2118 2515 volumus
2197 2456 2262 2513 et
2319 2447 2614 2533 gaudere
2638 2495 2657 2529 ,
2714 2444 2935 2512 strictis-

606 2534 773 2597 sime
828 2532 1287 2619 prohibentes,
1346 2536 1644 2621 nequis
1706 2533 1989 2602 eundem
2049 2534 2436 2618 magistrum
2510 2540 2807 2601 monetae
2853 2525 2933 2593 vel

606 2636 987 2704 campsores
1046 2621 1263 2771 ipsius
1322 2622 1397 2687 in
1446 2620 1715 2707 juribus
1774 2620 1883 2687 vel
1953 2619 2229 2705 agendis·
2293 2628 2600 2687 monetae
2636 2614 2930 2703 ,impedire

606 2714 989 2791 praesumat
1030 2728 1070 2771 a
1096 2709 1445 2793 iquatenus
1488 2706 1600 2775 vel
1641 2728 1943 2793 gravare.
2675 2756 2678 2759 -

598 2826 603 2830 ·
777 2791 842 2857 8.
930 2792 1381 2860 Promittimus
1422 2802 1762 2881 praeterea
1805 2793 2018 2859 eidem
2063 2792 2376 2879 magistro
2422 2798 2742 2873 monetae,
2795 2783 2932 2875 quod

603 2876 659 2940 si
700 2897 981 2963 guerrae
1044 2878 1307 2967 aliquae
1364 2882 1755 2947 emerserint
1811 2880 1884 2945 in
1947 2878 2266 2959 Moravia,
2324 2898 2444 2965 pro
2491 2888 2594 2945 ter
2634 2897 2792 2965 quus
2829 2872 2930 2938 die-

607 2969 716 3029 tus
744 2965 1057 3049 magister
1100 2974 1401 3033 monetae
1444 2967 1703 3033 lucrum
1748 2964 1832 3033 de
1875 2966 2021 3053 ipsa
2062 2972 2326 3031 moneta
2369 2963 2460 3031 ha.
2501 2986 2615 3031 ere
2656 2982 2783 3029 non
2815 2978 2930 3046 pos·

602 3056 722 3125 set,
766 3050 894 3116 sibi
935 3073 1057 3138 pro
1101 3053 1298 3120 modo
1342 3051 1449 3118 vel
1496 3054 1862 3140 quantitate
1908 3052 2133 3116 damni
2177 3048 2356 3137 quod
2401 3052 2744 3117 occasione
2782 3064 2931 3133 guer-

602 3155 823 3201 rarum
844 3145 1197 3224 pateretur,
1228 3138 1535 3205 volumus
1581 3140 1663 3205 de
1709 3138 1949 3205 debitis
1994 3135 2234 3224 quibus
2272 3136 2465 3205 nobis
2507 3146 2778 3219 tenetur,
2799 3133 2935 3199 sieut

602 3222 961 3307 expediens
1004 3224 1202 3292 fuerit
1243 3232 1313 3293 et
1351 3224 1543 3292 nobis
1589 3223 1939 3308 videbitur,
1987 3222 2337 3290 defalcare.

1633 3410 1972 3429 -ι--α--ο-ο

1745 3530 1854 3597 59.

952 3659 1396 3749 Renovatio
1434 3649 1873 3771 'ponderum
1928 3673 2009 3751 et
2059 3687 2620 3753 mensurarum.

1713 3808 1897 3873 1268.

773 3958 889 4009 Rex
926 3958 1191 4011 Otacarus
1226 3974 1278 4011 a.
1319 3962 1469 4026 1268,
1505 3964 1832 4015 testantibus
1868 3963 2093 4016 Cosmae
2129 3965 2621 4031 Continuatoribus,

773 4030 1110 4115 praecepit
1155 4032 1459 4094 renovari
1503 4032 1800 4118 pondera
1843 4040 1908 4099 et
1952 4054 2296 4101 mensuras
2342 4044 2409 4101 et
2445 4030 2740 4120 insigniri
2773 4028 2928 4119 ‘signo

603 4131 740 4194 suo,
787 4112 966 4199 quod
1009 4122 1207 4183 antea
1249 4138 1384 4182 non
1429 4116 1664 4185 fixerat.
