3150 5017
1141 349 1621 412 -177—

230 521 419 586 Deum
440 519 833 668 etijustitiam
855 517 1174 586 habentes
1194 540 1355 604 prae
1376 519 1606 601 oculis,
1628 521 2008 610 postpositis
2031 523 2262 606 gratia,
2305 521 2571 603 timore,

230 607 355 673 odio
396 613 457 670 et
524 625 740 671 avore.

370 689 570 756 Iidem
634 669 895 777 quodue
952 690 1487 778 archiepiscopus
1545 699 1616 757 et
1674 694 2025 779 episcopus
2086 695 2156 758 in
2215 713 2567 779 personam

230 779 375 861 regis
416 775 747 862 Ungariae
790 785 993 864 atque
1034 786 1328 842 nostram
1372 776 1619 862 singuli
1663 777 2049 863 singillatim
2109 777 2573 865 promulgandi

229 863 885 928 excommunicationis
932 865 1321 929 sententiam
1368 863 1634 949 plenam
1665 862 1953 930 habeant
1976 866 2376 947 facultatem,
2422 887 2572 929 cum

226 951 339 1032 ipse
379 957 440 1012 et
482 971 603 1012 nos
663 950 731 1014 in
775 951 1152 1035 praemissis
1196 949 1667 1032 subjecerimus
1713 972 2035 1037 personas
2079 959 2338 1019 nostras
2372 951 2573 1038 juris-

230 1033 589 1098 dictionibus
636 1035 1012 1102 eorundem.
1163 1032 1203 1070 ⁶

361 1119 441 1184 In
507 1119 875 1187 minoribus
942 1141 1099 1186 vero
1166 1121 1401 1202 causis,
1471 1142 1640 1205 quae
1707 1121 1864 1187 hinc
1929 1121 2084 1188 inde
2143 1125 2316 1188 inter
2358 1123 2570 1209 ipsius

226 1206 367 1290 regis
422 1213 487 1270 et
546 1215 807 1271 nostros
867 1206 1166 1273 homines
1225 1208 1611 1272 emerserint
1655 1207 1828 1272 circa
1872 1208 2157 1274 confinia
2197 1209 2566 1274 Moraviaet

227 1291 329 1356 duo
368 1313 451 1355 ex
492 1301 681 1377 parte
725 1294 745 1356 i
798 1294 934 1359 sius
976 1294 1151 1379 regis
1194 1292 1549 1378 Ungui-iae,
1593 1293 1906 1360 videlicet
1949 1309 2168 1359 comes
2213 1294 2571 1360 Posonien·

227 1379 295 1442 sis
347 1386 409 1442 et
466 1398 689 1444 comes
796 1381 1102 1461 itriensis‚
1165 1399 1251 1444 ex
1294 1388 1479 1464 parte
1525 1388 1750 1446 nostra
1793 1381 2192 1446 camerarius
2233 1381 2574 1446 Moraviac

225 1472 273 1528 et
306 1463 731 1548 purchravius
777 1466 857 1531 de
902 1467 1267 1547 Brumove3
1315 1467 1493 1530 circa
1536 1466 1824 1530 confinia
1866 1467 2175 1532 Austriae
2241 1489 2326 1532 ex
2385 1473 2574 1554 parte

224 1553 364 1634 regis
404 1549 743 1634 Ungariae
789 1553 1061 1616 comites
1104 1549 1573 1636 Supruniensis
1619 1560 1684 1617 et
1725 1551 2194 1630 Musuniensis,
2259 1574 2345 1618 ex
2387 1558 2572 1636 parte

223 1645 413 1700 nostra
469 1636 871 1703 castellanus
916 1638 998 1703 de
1040 1637 1387 1702 Haselowe
1432 1644 1497 1702 et
1538 1637 1941 1704 castellanus
1983 1639 2216 1705 Novae
2263 1637 2570 1704 Civitatis

218 1721 439 1800 jndices
486 1723 961 1808 provinciales3
1006 1725 1185 1788 circa
1230 1724 1514 1788 confinia
1558 1725 1818 1809 Styriae
1860 1746 1948 1790 ex
1988 1734 2176 1812 parte
2218 1725 2394 1810 regis
2437 1723 2574 1790 Un-

222 1809 408 1890 gariae
452 1809 731 1873 comites
776 1809 991 1874 Casti-i
1045 1810 1275 1874 Ferrei
1318 1817 1387 1874 et.
1444 1808 1527 1873 de
1573 1809 1756 1890 Zala,
1817 1831 1905 1875 ex
2005 1821 2145 1876 arte
2190 1819 2418 1876 nostra
2461 1830 2573 1874 ca-

221 1895 491 1978 pitaneus
550 1903 615 1958 et
675 1897 969 1962 notarius
1013 1894 1307 1980 Styriae3
1375 1897 1554 1960 circa
1621 1895 1908 1960 confinia
2019 1895 2364 1978 arinthiae,
2409 1894 2568 1960 Car·

221 1978 424 2060 niolae,
479 1979 819 2046 Max-chiae
878 2003 967 2048 ex
1008 1990 1193 2068 parte
1236 1983 1411 2066 regis
1456 1979 1793 2065 Ungariae
1849 1981 2064 2047 banus
2123 1982 2324 2046 totius
2387 1979 2574 2045 Scla-

225 2064 459 2144 voniae,
537 2086 625 2130 ex
697 2076 881 2152 parte
956 2076 1179 2132 nostra
1260 2088 1336 2132 ca
1384 2069 1645 2132 itaneus
1711 2066 2136 2150 Karinthiac,
2225 2065 2573 2132 Carniolae

224 2150 712 2237 deputabuntur,
784 2155 898 2239 qui
1008 2152 1331 2219 uerelanti
1380 2175 1457 2218 us
1522 2152 1680 2217 hinc
1741 2151 1895 2218 inde
1954 2153 2263 2238 justiciae
2329 2152 2574 2216 facient

222 2236 782 2323 complementum3
828 2248 893 2304 et
934 2239 957 2301 i
1050 2238 1226 2326 quod
1270 2239 1564 2321 fecerint,
1609 2247 1745 2302 tam
1790 2239 1998 2324 ipsius
2041 2240 2214 2324 regis
2237 2237 2576 2324 Ungariae

223 2345 391 2408 quam
432 2332 659 2388 nostra
702 2326 1085 2390 auctoritate
1130 2325 1376 2390 facient
1420 2323 1776 2390 observari.

368 2409 559 2492 Quod
617 2411 673 2473 si
731 2410 935 2498 aliqui
992 2433 1079 2476 ex
1136 2412 1299 2496 ipsis
1358 2411 1605 2476 fuerint
1649 2410 1824 2475 diem
1869 2411 2101 2494 functi,
2162 2430 2572 2476 successores

222 2496 477 2580 ipsorum
538 2496 875 2580 dignitatis
933 2497 1312 2562 hereditarii
1370 2496 1479 2561 vel
1538 2519 1660 2582 per
1701 2500 2089 2563 alterutrum
2135 2518 2363 2582 regum
2423 2493 2574 2564 sub-

224 2583 405 2646 stituti
444 2580 803 2666 fungentur
844 2584 989 2649 vice
1034 2592 1099 2648 et
1140 2581 1441 2670 partibus
1486 2584 1864 2651 eorundem.

1329 2754 1451 2820 VI.-

369 2927 535 2992 Item
602 2930 660 2992 si
728 2929 904 2995 inter
979 2927 1223 2993 amicos
1288 2927 1461 3012 regis
1512 2927 1862 3012 ‚Ungariae
1930 2935 1995 2991 et
2048 2933 2308 2990 nostros
2354 2923 2576 3010 aliqua

229 3011 396 3076 fuerit
440 3012 775 3080 discordia
819 3015 1134 3081 suscitata
1176 3034 1296 3098 pro
1339 3034 1542 3078 causa
1586 3012 1995 3099 hujusmodi:
2059 3019 2287 3075 contra
2346 3029 2576 3096 pacem

227 3099 635 3180 promittimus
680 3122 813 3165 non
855 3101 1105 3182 venire,
1149 3099 1269 3164 sed
1315 3098 1767 3164 discordantes
1813 3096 2243 3179 studebimus,
2291 3097 2345 3162 si
2390 3104 2575 3183 pote-

227 3185 422 3267 rimus,
466 3184 554 3249 ad
594 3207 827 3271 pacem
873 3195 939 3252 et
984 3184 1402 3252 concordiam
1428 3205 1774 3268 revocare3
1819 3183 2115 3268 alioquin
2159 3204 2361 3260 causa
2403 3184 2578 3246 inter
2655 3247 2660 3252 ,

226 3270 377 3352 ipsos
420 3271 875 3340 discordantes
920 3281 1151 3338 exorta
1172 3270 1813 3357 archiepiscoporum
1859 3276 1926 3335 et
1971 3269 2425 3354 episcoporum
2463 3269 2574 3351 ju-

228 3354 374 3420 dicio
412 3356 518 3422 vel
581 3357 983 3425 ordinationi
1039 3358 1422 3443 reliquetur,
1469 3378 1665 3443 quam
1709 3357 1837 3443 ipsi
1883 3355 2204 3442 recipient
2246 3361 2315 3420 et
2358 3353 2575 3419 cidem

227 3443 521 3523 parebunt
566 3446 709 3512 sive
754 3446 1041 3512 stabunt.
2049 3497 2054 3500 .

375 3530 621 3610 Quodsi
688 3532 887 3596 amici
946 3530 1151 3595 nostri
1212 3528 1377 3594 haec
1435 3528 1807 3616 renuerint·
1841 3527 2238 3612 adimplere,
2319 3523 2578 3589 nullum

230 3615 544 3680 consilium
606 3626 671 3681 et
731 3617 1053 3684 auxilium
1098 3615 1347 3681 eisdem
1391 3613 1847 3702 impendemus
1895 3622 2124 3680 contra
2166 3631 2390 3698 regem
2434 3610 2577 3676 Un-

229 3701 421 3782 gariae
464 3699 934 3787 supradictum.
1025 3741 1029 3744 -
1179 3782 1183 3787 .
2051 3745 2055 3748 Α

378 3787 442 3852 Si
484 3811 646 3855 vero
693 3789 899 3875 (quod
942 3787 1142 3872 absit)
1187 3810 1310 3853 rex
1352 3786 1690 3871 Ungariae
1735 3785 1918 3871 pacis
1961 3783 2246 3849 violator
2289 3803 2377 3848 ex
2425 3801 2580 3868 qua-

232 3889 478 3958 cumque
546 3895 750 3940 causa
814 3876 1083 3962 propria
1150 3872 1260 3938 vel
1326 3873 1688 3938 amicorum
1759 3891 2022 3934 suorum
2093 3891 2172 3934 ac
2236 3867 2580 3934 hominum

232 3961 403 4039 regni.
445 3961 547 4025 sui
608 3963 921 4026 inventus
980 3961 1181 4024 fuerit
1243 3957 1355 4024 vel
1414 3957 1746 4025 turbator:
1805 3958 1952 4042 ipso
1996 3957 2170 4020 facto
2214 3955 2466 4020 incidet
2509 3955 2580 4020 in

236 4049 600 4110 sententiam
646 4048 1369 4126 excommunicationis,
1414 4066 1614 4131 quam
1661 4065 1746 4107 ex
1787 4064 1968 4124 nunc
2009 4041 2424 4107 venerabiles
2461 4062 2581 4126 pa-

232 4135 351 4192 tres
386 4132 853 4220 archiepiscopi
876 4134 1345 4218 Strigoniensis
1392 4141 1457 4196 et
1500 4130 1900 4211 Colocensis,
1947 4149 2303 4214 eorumque
2348 4129 2582 4192 suffra·

238 4217 408 4294 ganei
468 4221 759 4306 episcopi
795 4219 1165 4305 ‚Ungariae
1222 4219 1519 4284 tulerunt
1585 4219 1656 4281 in
1721 4216 1982 4300 scriptis
2049 4213 2451 4294 solemniter,
2517 4221 2582 4276 et

242 4299 395 4380 quod
440 4303 661 4370 eadem
709 4309 1037 4372 sententia
1080 4314 1301 4372 teneat
1346 4314 1413 4372 et
1456 4305 1780 4388 astringat
1824 4299 2206 4455 violator-le?
2268 4301 2452 4386 pacis
2518 4305 2583 4363 et
2650 4345 2658 4352 >-

330 4401 589 4448 Jireeok:
618 4411 773 4450 Codex.
801 4412 831 4449 1.
1080 4421 1083 4424 ’
