3150 5017
1439 293 1916 363 —278—

531 469 648 539 uid
691 473 790 540 eis
835 470 1146 537 contrarii
1191 469 1390 536 fuerit
1453 469 1526 534 in
1569 467 1697 534 hac
1762 476 1949 555 parte
1992 465 2273 532 Nostrae
2316 481 2546 531 secure
2576 455 2869 526 referant

483 495 852 647 ffiaJestath
897 578 1052 624 nam
1095 556 1454 624 relationes
1490 557 1867 643 juratorum
1910 561 2287 622 nostrorum
2331 549 2619 618 libenter
2680 541 2868 642 audi:

483 667 651 723 mus,
716 665 802 712 ne
861 665 949 710 ex
1009 663 1092 710 eo
1147 643 1503 710 eorundem
1565 642 1947 710 decrescere
2002 639 2309 707 videatur
2370 635 2751 714 auctoritas,
2808 650 2871 694 si

482 751 712 820 preces
771 751 998 798 eorum
1057 753 1098 796 a
1164 731 1422 798 Nostris
1465 728 1757 797 aditibus
1798 726 2217 815 repellamus.
2266 724 2399 793 Sed
2444 721 2613 790 illud
2672 736 2872 802 aegre

482 841 618 886 non
665 817 1010 906 recipiant,
1055 816 1234 905 quod
1277 839 1391 884 eos
1435 817 1833 904 quandoque
1878 836 2001 902 pro
2058 836 2183 881 sua
2239 811 2580 880 voluntate
2642 801 2871 872 arduis

485 927 564 971 ac
609 905 890 973 diversis
935 925 1054 992 pra
1181 902 1301 970 diti
1349 925 1482 990 neg
1493 905 1655 971 ociis
1698 905 1768 968 in
1814 902 2181 970 continenti
2220 897 2535 1003 expedire
2579 915 2721 992 non
2756 911 2873 958 va·

397 1033 400 1038 -
481 992 717 1074 lomus,
775 991 896 1058 sed
959 1013 1084 1079 pru
1130 998 1317 1058 enter
1375 994 1745 1068 advertant,
1794 988 1988 1077 ,quod
2046 989 2247 1056 etiam
2297 993 2499 1074 Juxta
2540 981 2873 1069 legitimas

485 1081 860 1146 sanctiones
903 1078 1233 1161 convenit,
1279 1098 1817 1166 unumquemque
1860 1074 2222 1144 secundum
2268 1095 2391 1141 sua
2412 1081 2715 1158 tempora
2756 1085 2871 1131 ex·

485 1174 773 1254 pectam,
819 1173 894 1231 ut
938 1165 1147 1252 possit
1190 1186 1313 1252 pro
1347 1166 1494 1232 suis
1537 1165 1837 1250 negociis
1878 1183 2269 1252 responsum
2336 1177 2699 1245 congruum
2762 1171 2873 1218 re-

535 1262 770 1319 ortare.

485 1275 530 1342 P
661 1341 717 1426 ς.
748 1339 804 1404 1.
831 1338 1132 1420 Qualiter
1152 1345 1372 1404 autem
1389 1339 1602 1424 jurati
1644 1337 1716 1403 in
1747 1357 1867 1403 suo
1910 1335 2140 1402 ordine
2186 1356 2258 1401 se
2303 1333 2547 1400 habere
2564 1331 2874 1408 debeant,

489 1427 670 1492 cordi
715 1426 906 1495 nobis
949 1435 1070 1507 est,
1115 1433 1381 1511 propter
1426 1423 1673 1490 bonum
1718 1431 1963 1490 statum
2010 1423 2355 1505 montium,
2398 1419 2594 1510 plene
2614 1420 2687 1485 in
2718 1418 2876 1485 sub·

488 1512 913 1600 sequentibus
973 1510 1333 1578 declarare.
1439 1510 1773 1578 Dicuntur
1837 1519 2056 1576 autem
2110 1508 2317 1595 jurati
2374 1529 2415 1574 a
2466 1508 2873 1594 juramento,

534 1599 668 1664 uod
711 1599 905 1666 nobis
949 1605 1290 1684 praestant
1380 1619 1455 1663 ro
1499 1599 1678 1662 omni
1724 1597 2043 1666 fidelitate
2102 1605 2167 1662 et
2232 1595 2483 1660 ‘ustitia
2540 1592 2875 1660 facienda.

487 1622 622 1754 ged
681 1687 840 1772 quia
897 1705 1101 1770 grave
1161 1693 1262 1750 est
1367 1684 1512 1750 dem
1576 1683 1827 1766 fallere,
1873 1683 2051 1756 unde
2097 1685 2184 1748 ad
2274 1703 2351 1746 oc
2394 1680 2687 1746 officium
2730 1701 2875 1744 me·

488 1773 685 1839 liores
730 1781 796 1838 et
831 1772 1163 1859 justiores,
1208 1772 1320 1857 qui
1364 1793 1452 1838 ex
1496 1772 1674 1836 omni
1719 1770 1964 1857 populo
2023 1769 2252 1836 haberi
2312 1769 2621 1855 poterint,
2681 1765 2871 1832 volu-

489 1883 635 1926 mus
694 1859 985 1926 ordinari
1046 1857 1454 1924 solummodo
1515 1879 1635 1944 per
1698 1866 1991 1923 nostram
2035 1856 2145 1922 vel
2190 1857 2315 1921 viri
2360 1854 2710 1920 clarissimi
2758 1875 2867 1918 cae

487 1949 748 2012 merarii
793 1946 1000 2012 nostri
1044 1945 1530 2032 providentiam
1581 1944 1953 2032 specialem,
2014 1965 2137 2010 nec
2194 1944 2393 2009 etiam
2438 1963 2558 2029 per
2588 1941 2866 2026 ‚aliquos

489 2033 656 2099 alios
715 2033 1146 2121 deponantur,
1235 2052 1447 2117 neque
1507 2033 1575 2096 in
1638 2032 1774 2096 suis
1836 2028 2255 2118 processibus
2320 2037 2435 2094 aut
2499 2025 2873 2094 defectibus

489 2119 578 2185 ad
643 2118 808 2186 alios
874 2139 1213 2184 recursum
1280 2117 1568 2184 habeant
1633 2116 1741 2184 vel
1797 2127 2189 2206 respectum,
2254 2125 2321 2181 et
2376 2123 2475 2182 tot
2517 2114 2875 2199 eligantur,

488 2213 648 2292 quot
669 2204 985 2292 populum
1011 2205 1139 2271 sibi
1153 2205 1488 2272 subditum
1521 2205 1775 2294 possint
1819 2226 2049 2292 regere
2092 2204 2450 2289 eleganter.
2496 2206 2555 2284 ξ.
2608 2204 2669 2266 2.
2716 2200 2875 2266 Ναὶι

487 2293 664 2380 enim
737 2300 926 2379 pater
991 2313 1142 2358 cum
1201 2291 1357 2375 filio,
1419 2292 1528 2358 vel
1587 2293 1792 2359 frater
1848 2313 2000 2358 cum
2058 2291 2281 2372 fratre,
2322 2297 2441 2354 aut
2481 2309 2673 2356 socer
2717 2309 2873 2352 cum

488 2400 732 2465 genero
791 2377 988 2444 simul
1049 2379 1183 2444 sint
1243 2380 1312 2444 in
1374 2379 1605 2445 ordine
1640 2381 2058 2466 juratorum3
2122 2377 2289 2443 nihil
2332 2380 2505 2442 enim
2556 2373 2873 2440 contrarii

489 2467 690 2531 infert
733 2465 1078 2532 diversitas
1123 2485 1571 2551 personarum,
1620 2467 1733 2530 ubi
1780 2474 1879 2532 est
1924 2465 2079 2530 fidei
2125 2465 2365 2530 unitas.
2426 2462 2561 2531 Sed
2604 2481 2871 2528 enume-

489 2561 671 2620 ratae
715 2574 827 2618 sae
876 2554 978 2617 ius
1023 2572 1342 2640 personae
1387 2552 1837 2618 diversitatem
1882 2551 2137 2617 faciunt
2174 2551 2347 2616 inter
2378 2549 2639 2636 juratos
2674 2568 2871 2634 prop-

491 2649 590 2706 ter
636 2641 739 2704 sui
763 2660 840 2704 co
888 2641 1247 2705 serentiam
1271 2637 1617 2727 pullulare,
1663 2647 1731 2705 et
1774 2640 1923 2705 ideo
1969 2637 2497 2725 praecavendum
2545 2644 2646 2702 est
2689 2635 2875 2699 futu·

487 2728 579 2791 ris
621 2725 951 2813 periculis,
997 2748 1084 2791 ne
1126 2728 1346 2792 unitas
1390 2725 1714 2792 dictarum
1760 2745 2187 2812 personarum
2234 2722 2682 2790 diversitatem
2748 2743 2873 2807 ge·-

491 2821 678 2879 neret
744 2814 915 2878 inter
971 2814 1250 2899 juratos.
1336 2813 1486 2900 Eya
1529 2835 1726 2900 quam
1772 2812 2061 2900 pretiosa
2102 2833 2207 2881 res
2252 2818 2371 2894 est,
2440 2810 2872 2894 uniuscujus-

491 2919 620 2987 que
690 2901 1142 2982 universitatis
1193 2901 1452 2986 juratos
1511 2901 1859 2966 unanimes
1916 2908 1983 2965 et
2042 2900 2239 2964 unius
2299 2917 2446 2963 esse
2500 2895 2875 2962 voluntatis

488 2985 577 3051 ad
621 3008 880 3052 omnem
918 2986 1243 3072 justitiam
1290 3007 1414 3051 exe
1463 2985 1768 3067 uendam,
1814 2987 1969 3072 quia
2015 2987 2203 3052 unita
2246 2985 2455 3050 virtus
2500 2995 2698 3069 quam
2726 2981 2875 3069 plu-

486 3075 724 3139 rimum
770 3082 1006 3160 potest,
1051 3081 1118 3138 et
1161 3081 1336 3138 certe
1380 3094 1421 3138 a
1511 3093 1803 3158 pugnam
1848 3073 2247 3138 unanimiter
2303 3071 2599 3156 aggredi,
2661 3071 2871 3136 vieto-

483 3162 652 3226 riam
697 3161 905 3246 parit3
951 3158 1100 3246 plus
1147 3160 1320 3224 enim
1367 3159 1766 3246 quandoque
1813 3159 2071 3246 proficit
2136 3158 2437 3224 collectio
2499 3175 2871 3244 paucorum

484 3248 554 3312 in
601 3267 826 3328 unum,
872 3265 1068 3334 quam
1115 3245 1470 3331 singularis
1516 3246 1752 3311 divisio
1809 3245 2259 3333 plurimorum.
2305 3249 2365 3327 §-
2412 3243 2473 3309 3.
2518 3242 2691 3309 Item
2738 3263 2873 3308 nec

486 3331 806 3415 nefantes,
853 3333 966 3419 qui
1011 3331 1096 3396 ab
1141 3331 1448 3398 omnibus
1493 3333 1806 3418 legitimis
1874 3331 2137 3400 actibus
2174 3331 2638 3412 excluduntur,
2684 3328 2875 3394 volu·

488 3441 634 3485 mus
680 3418 1053 3506 aliqualiter
1096 3417 1408 3498 ordinari,
1455 3420 1614 3504 quia
1638 3419 1799 3484 -loco
1844 3419 2247 3506 ignominiae
2292 3427 2395 3484 est
2437 3415 2619 3504 apud
2656 3415 2873 3500 indig⁴

486 3527 646 3587 num
713 3505 1034 3591 dignitas3
1095 3527 1244 3570 cum
1303 3507 1531 3592 utique
1592 3527 1794 3571 unum
1856 3527 2182 3593 quemque
2241 3504 2669 3570 criminosum
2732 3522 2873 3590 non

488 3591 798 3678 dignitas,
845 3591 961 3656 sed
1009 3612 1220 3677 poena
1265 3613 1398 3656 non
1446 3590 1685 3657 debeat
1728 3593 2171 3658 concomitari.
2234 3591 2325 3656 Et
2368 3592 2423 3655 si
2484 3591 2875 3676 ignoranter

486 3680 771 3744 ordinati
828 3677 1096 3759 fuerint,
1142 3686 1258 3742 aut
1301 3678 1645 3744 infamiam
1683 3678 1827 3765 jam
1874 3679 2327 3745 contraxerint
2386 3677 2693 3760 ordinati,
2756 3697 2873 3741 eos

486 3767 555 3831 in
600 3764 726 3831 hoc
770 3783 932 3829 casu
977 3763 1416 3850 praecipimus
1463 3785 1583 3850 per
1627 3785 1781 3830 suos
1842 3767 2216 3848 conjuratos
2277 3765 2403 3842 vel,
2430 3765 2870 3829 camerarium

485 3859 806 3934 nostrum,
849 3851 1064 3915 virum
1112 3851 1564 3933 clarissimum,
1610 3853 1869 3921 ratione
1910 3853 2193 3936 cognita,
2254 3851 2474 3916 subito
2517 3847 2871 3932 removeri,

484 3960 571 4005 ne
629 3959 764 4002 una
822 3937 1125 4004 morbida
1181 3940 1325 4003 ovis
1385 3946 1597 4004 totum
1655 3961 1921 4025 gregem
1982 3938 2265 4016 inficiat.;
2326 3946 2394 4003 et
2453 3957 2611 4002 vere
2653 3937 2872 4022 turpis

485 4033 584 4091 est
629 4046 800 4111 pars,
849 4045 1018 4112 quae
1061 4043 1181 4090 suo
1227 4045 1363 4090 non
1408 4029 1712 4110 congruit
1757 4027 2083 4102 universo.
2142 4023 2338 4094 Unde
2381 4024 2675 4090 universi
2722 4021 2869 4088 dili·

485 4121 716 4196 genter
758 4111 1121 4192 attendant‚
1165 4113 1322 4198 quia
1367 4111 1530 4178 dicit
1571 4112 1684 4178 lex
1726 4110 2049 4177 humana:
2110 4107 2451 4176 infamiam
2512 4131 2684 4196 quae
2744 4108 2867 4176 tibi

490 4195 940 4262 abominanda
1005 4200 1107 4282 sit,
1169 4209 1244 4264 ut
1299 4219 1526 4265 casum
1588 4197 1929 4265 oculorum
1989 4199 2219 4264 vitare.
2258 4196 2480 4281 debes,
2524 4195 2685 4282 quia
2728 4216 2865 4262 non

486 4291 702 4372 potest
773 4283 1034 4369 justitia
1113 4305 1260 4350 cum
1343 4285 1663 4354 scelerato
1730 4284 1995 4352 homine
2060 4283 2303 4351 habere
2378 4284 2867 4352 commercium.
