3150 5017
1166 331 1257 348 —
1346 295 1644 364 198-

1356 627 1458 692 68.

347 759 571 844 Pacis
631 760 1047 846 conventio
1103 761 1885 952 integzolssugolphum
1938 769 2020 850 et
2073 766 2492 886 Otacarum

1451 891 1501 952 a
1544 891 1614 957 a·
1689 939 1694 944 .

1134 1003 1319 1089 1277,
1370 1005 1469 1071 12.
1514 1007 1697 1094 Sept.

347 1165 426 1214 Ex
478 1162 812 1230 autographo
864 1177 911 1213 c.
958 1177 1003 1211 r.
1068 1161 1273 1214 archivi
1324 1163 1486 1214 aulici
1556 1163 1906 1218 vindobonae
1973 1165 2145 1232 (Mon.
2209 1165 2388 1220 Germ.
2449 1166 2593 1220 Hist-

230 1234 307 1286 IV.
338 1233 550 1286 Boczek
587 1232 719 1284 Cod.
753 1231 901 1300 Dipl.
935 1231 1071 1287 Mor.
1106 1231 1201 1282 IV.
1240 1232 1379 1297 146.)

376 1335 703 1401 Otacarus
760 1334 889 1399 Dei
946 1336 1160 1419 gratia
1235 1356 1355 1402 rex
1412 1335 1744 1402 Boemiae.
1804 1335 2148 1404 Universis
2209 1345 2584 1424 praesentes

225 1423 425 1488 literas
469 1422 871 1508 inspecturis
916 1423 1209 1487 notitiam
1256 1422 1798 1510 subscriptorum.
2561 1467 2566 1474 -

372 1509 630 1576 Tenore
673 1509 1120 1593 praesentium
1178 1512 1713 1596 recognoscimus
1758 1519 1823 1578 et
1912 1507 2132 1577 ublice
2177 1511 2578 1598 profitemur,

226 1595 377 1683 quod
419 1618 545 1660 nos
596 1595 793 1680 juxta
837 1605 1274 1680 praeceptum
1342 1595 1744 1663 dominicum
1813 1532 2164 1682 diligentes
2225 1619 2456 1684 pacem
2514 1607 2581 1667 et

226 1687 350 1768 ejus
389 1683 879 1748 observantiam
942 1703 1094 1746 cum
1150 1681 1553 1768 quibuslibet
1624 1683 2016 1752 christianae
2066 1683 2400 1771 religionis
2445 1684 2582 1752 cul-

225 1770 471 1852 toribus,
520 1777 587 1834 et
630 1770 849 1854 praeci
898 1789 982 1834 ue
1026 1790 1176 1834 cum
1221 1771 1641 1835 serenissimo
1686 1770 1975 1836 Domino
2024 1779 2270 1854 nostro,
2315 1769 2580 1838 domino

224 1855 507 1939 Rudolfo,
562 1854 813 1942 inclyto
854 1791 1297 1922 Romanorum
1319 1877 1473 1942 rege
1505 1877 1762 1943 semper
1783 1865 2076 1943 augusto,
2122 1859 2299 1924 omni
2322 1880 2585 1948 promp-

224 1944 485 2010 titudine
502 1941 721 2030 operis
744 1942 1153 2008 affectantes:
1202 1966 1321 2030 per
1344 1965 1572 2029 pacem
1610 1953 1675 2009 et
1701 1942 2127 2008 concordiam
2153 1944 2326 2011 inter
2368 1946 2584 2032 ipsum

224 2032 539 2096 dominum
585 2037 885 2094 nostrum
943 2050 1161 2114 regem
1222 2053 1308 2096 ex
1351 2052 1484 2095 una
1528 2039 1594 2095 et
1652 2051 1774 2094 nos
1844 2051 1930 2095 ex
1971 2041 2158 2116 parte
2203 2030 2430 2114 altera,
2477 2031 2587 2098 do-

223 2119 379 2182 mino
423 2115 793 2202 B(runone)
838 2115 1201 2182 venerabili
1244 2115 1672 2182 Olomucensi
1714 2118 2042 2206 episcopo,
2087 2116 2389 2184 Zmilone
2434 2141 2583 2204 pur·

225 2205 466 2269 chravio
532 2201 613 2267 de
671 2203 922 2285 Vetow‚
1007 2205 1316 2290 magistro
1380 2201 1606 2268 Ulrico
1665 2203 2154 2292 prothonotario
2215 2214 2460 2288 nostro,
2521 2213 2586 2272 et

227 2290 421 2356 nobile
468 2291 613 2354 viro
657 2288 923 2354 domino
968 2289 1305 2356 Friderico
1351 2291 1745 2377 purchravio
1808 2289 1890 2355 de
1952 2289 2420 2368 Nuremberch,
2468 2314 2585 2358 no-

224 2379 467 2442 vissime
513 2375 900 2459 ordinatam,
968 2378 1405 2462 conscriptam
1465 2386 1530 2443 et
1591 2379 1790 2444 etiam
1853 2400 1892 2442 a
1951 2377 2250 2464 praefato
2314 2377 2578 2445 domino

226 2474 423 2530 nostro
483 2485 641 2549 rege
700 2471 896 2550 atque
964 2485 1005 2528 a
1046 2462 1237 2528 nobis
1306 2463 1761 2551 approbatam,
1820 2485 1937 2550 pro
2000 2462 2294 2531 solidiori
2353 2475 2424 2532 et
2465 2487 2584 2553 pu-

225 2552 359 2617 riori
398 2550 629 2638 ipsius
653 2552 834 2637 pacis
878 2558 945 2616 et
988 2550 1375 2616 concordiae
1441 2551 1871 2618 fundamento
1917 2551 2191 2617 formam
2237 2553 2588 2642 assumpsi·

234 2659 362 2702 mus
400 2637 923 2724 infrascriptam:
2472 2682 2476 2685 -

376 2723 425 2789 Ι.
472 2724 785 2811 Inprimis
841 2723 1108 2810 quidem
1167 2724 1628 2811 promittimus,
1697 2723 1874 2811 quod
1949 2725 2334 2813 promissam
2395 2728 2580 2813 pacis

228 2811 682 2878 ordinationem
742 2812 914 2876 inter
974 2810 1217 2876 dictum
1295 2811 1630 2877 dominum
1692 2820 1986 2878 nostrum
2047 2835 2266 2898 regem
2328 2822 2393 2879 et
2455 2835 2575 2880 nos

228 2921 328 2984 per
365 2899 733 2985 praedictos
776 2895 1280 2965 Olomueensem
1310 2901 1531 2985 episco
1583 2920 1714 2982 um,
1759 2897 2148 2980 Zmilonem,
2195 2900 2576 2986 magistrum

227 2985 503 3051 Ulricum
546 2993 613 3050 et
656 2985 1119 3072 purchravium
1165 2985 1247 3050 de
1299 2985 1549 3050 Nurem
1601 2983 1752 3051 erch
1812 2987 2042 3052 initam
2089 3007 2205 3050 seu
2251 2995 2579 3071 statutam,

231 3073 288 3135 in
328 3071 597 3159 singulis
638 3073 777 3137 suis
822 3071 1112 3138 articulis
1158 3072 1569 3138 servabimus
1619 3071 1958 3138 illibatam.

376 3158 595 3226 Salvis
636 3167 857 3224 tamen
917 3161 1207 3224 omnium
1252 3167 1572 3225 terrarum
1633 3169 2002 3226 nostrarum
2061 3157 2378 3226 limitibus
2437 3160 2578 3227 sive

227 3245 485 3329 juribus,
548 3252 620 3310 nt
666 3244 930 3311 easdem
986 3254 1196 3312 terras
1255 3254 1320 3310 et
1382 3245 1682 3311 homines
1741 3245 2118 3328 earundem,
2163 3246 2284 3311 sub
2331 3246 2579 3314 eisdem

229 3334 470 3399 onmino⁴
510 3341 851 3400 teneamus
888 3332 1151 3418 juribus
1194 3341 1263 3400 et
1315 3333 1840 3415 conditionibus‚·
1869 3336 2037 3398 sicut
2103 3354 2410 3419 umquam
2455 3353 2579 3401 nos

230 3418 321 3484 vel
358 3421 804 3506 progenitores
848 3421 1054 3488 nostri
1094 3427 1445 3486 tenuerunt
1490 3419 1776 3486 eosdem.

381 3507 523 3572 Hoc
587 3505 763 3571 idem
876 3507 1164 3575 raefatus
1232 3506 1534 3573 dominus
1616 3515 1839 3573 noster
1911 3529 2028 3572 rex
2105 3515 2420 3594 quantum
2491 3509 2578 3573 ad

234 3615 437 3678 pacem
481 3595 781 3680 pertinet,
852 3596 1019 3660 aciet
1061 3595 1209 3660 vice
1254 3615 1463 3660 versa.

381 3681 465 3746 11.
508 3680 671 3746 Insu
722 3701 795 3746 er
815 3682 1013 3747 etiam
1043 3683 1185 3763 ipse
1208 3681 1511 3748 dominus
1538 3691 1762 3746 noster
1803 3701 1926 3746 rex
1948 3703 2068 3745 nos
2113 3689 2343 3746 contra
2385 3700 2577 3767 quos-

231 3765 369 3832 libet
387 3766 573 3837 nobis
590 3789 695 3832 mo
724 3769 955 3832 estiam
976 3767 1331 3835 inferentes
1354 3789 1471 3833 seu
1495 3768 1788 3853 irrogare
1832 3766 2150 3844 volentes,
2196 3775 2576 3834 manutene-

235 3851 317 3916 bit
354 3875 425 3919 ac
467 3855 665 3920 etiam
712 3853 1113 3935 defensabit3
1164 3863 1228 3921 et
1269 3876 1393 3919 nos
1440 3856 1508 3918 in
1556 3855 1857 3919 sincerae
1901 3853 2266 3920 devotionis
2311 3854 2580 3920 evidens

236 3950 679 4025 argumentum,
724 3949 953 4010 contra
995 3941 1323 4028 quoslibet
1366 3939 1543 4007 dicto
1607 3939 1873 4006 domino
1931 3948 2156 4006 nostro
2199 3941 2340 4026 regi
2430 3949 2580 4009 rout

238 4024 308 4091 de
356 4029 498 4113 jure
554 4036 873 4110 tenemur,
931 4049 1081 4095 cum
1124 4036 1347 4094 nostro
1393 4027 1645 4093 auxilio
1715 4029 1984 4113 eguerit,
2053 4026 2177 4092 sibi
2243 4026 2396 4094 exhi
2443 4028 2578 4097 ebi-

238 4133 360 4178 mus
398 4117 714 4181 auxilium
758 4114 1083 4182 manuale.

383 4201 498 4267 ΠΙ.
543 4203 909 4279 Praeterea,
967 4204 1023 4268 si
1081 4223 1201 4291 pro
1260 4203 1517 4290 imperii
1564 4203 1952 4268 necessitate
2014 4199 2227 4266 dictus
2272 4201 2578 4270 dominus

242 4298 433 4354 noster
452 4311 591 4367 reX,
634 4299 927 4356 nostrum
972 4289 1293 4356 auxilium
1337 4291 1666 4375 petiverit,
1714 4288 1882 4353 illud
1927 4275 2051 4356 sib-i
2086 4287 2573 4442 leghibebimum

331 4391 569 4436 airuns
596 4393 759 4436 codex.
787 4395 823 4440 1.
