3150 5017
1522 317 1608 337 -·-
1698 284 1852 355 146·
1909 316 1994 337 ἃ

562 457 754 529 aliter
798 462 1187 527 auctoritate
1250 459 1618 549 apostolica
1681 480 2102 543 concessum3
2165 453 2543 545 hujusmodi
2603 448 2770 525 enim
2818 451 2902 547 ju·

564 548 739 613 dicia
782 548 1165 615 venditione
1208 570 1343 613 non
1387 547 1707 631 indigent,
1755 545 1874 611 sed
1917 547 2210 633 poenitia
2231 553 2296 611 et
2317 545 2904 632 spiritualijustitia.

732 719 823 785 Ut
864 730 1083 785 autem
1128 720 1291 786 baec
1336 721 1554 785 omnia
1599 729 1742 784 rata
1787 718 2271 783 etinconcussa
2297 732 2743 805 permaneant,
2765 718 2908 783 lianc

559 814 819 871 nostrae
866 807 1235 871 serenitatis
1280 808 1592 893 paginam
1635 813 1860 871 nostro
1907 804 2126 890 sigillo
2186 806 2462 869 fecimus
2521 804 2807 869 roborari
2856 816 2908 870 et

554 910 597 955 a
640 891 1002 957 venerabili
1045 902 1231 978 patre
1275 904 1499 959 nostro
1542 891 1828 957 Roberto
1855 892 2004 975 (sic)
2028 892 2098 955 in
2127 890 2232 955 die
2259 890 2513 955 Pasche
2548 889 2802 977 publice
2820 912 2907 955 ex-

511 1020 513 1023 >
557 978 1047 1043 communicari.
1094 977 1165 1043 Si
1210 979 1359 1065 quis
1402 986 1624 1043 autem
1669 987 1898 1043 contra
1941 978 2114 1041 hanc
2157 984 2447 1041 nostram
2496 978 2754 1041 venerit
2775 998 2906 1041 con·

554 1063 980 1144 stitutionem,
1026 1086 1241 1129 rerum
1290 1086 1555 1129 suarum
1601 1065 1790 1149 gravi
1836 1062 2153 1127 multetur
2199 1062 2571 1147 dispendio,
2618 1072 2684 1127 et
2709 1062 2904 1127 Deum

555 1170 705 1213 cum
754 1151 1001 1214 sanctis
1045 1151 1181 1214 suis
1228 1150 1354 1214 sibi
1398 1150 1749 1215 adversum
1793 1151 1865 1214 in
1911 1156 2205 1213 extremo
2250 1150 2492 1213 sentiat
2529 1146 2800 1232 judicio.

728 1235 945 1321 Hujus
1002 1238 1099 1299 rei
1164 1244 1363 1300 testes
1424 1245 1608 1301 sunt:
1667 1235 1923 1299 Pardus
1991 1236 2390 1300 camerarius
2451 1234 2906 1315 olomucensis,

550 1315 827 1404 Egidius
873 1318 1271 1387 castellanus
1318 1320 1793 1397 Olomucensis,
1837 1321 2175 1386 Johannes
2213 1320 2518 1385 sudarius
2542 1318 2908 1386 Olomucen-

552 1408 663 1487 sis,
707 1406 978 1471 Beneda
1024 1406 1259 1489 lowchi,
1306 1407 1743 1493 Marquardus
1767 1408 2162 1473 camerarius
2185 1406 2563 1483 Bohemiac‚
2589 1405 2908 1473 Wolkma-

550 1512 661 1555 rus
710 1494 1111 1557 camerarius
1156 1494 1441 1577 reginae,
1485 1494 1807 1557 Benesius
1851 1494 2248 1557 camerarius
2304 1492 2662 1574 Moraviae‚
2722 1492 2906 1558 Sudo-

548 1578 755 1643 mirus
801 1579 1201 1643 camerarius
1245 1578 1877 1665 Brechyslauiensis,
1924 1578 2130 1643 Smilo
2175 1577 2576 1644 castellanus
2637 1578 2907 1645 Prerovi-

548 1665 746 1745 ensis,
790 1664 1081 1729 Jenchzo
1128 1664 1525 1729 castellanus
1572 1665 2020 1745 Gradicensis,
2063 1664 2266 1729 Kuno
2287 1664 2690 1731 camerarius
2721 1666 2906 1729 Brun-

549 1750 795 1825 nensis,
840 1750 1214 1815 Radozlaus
1261 1752 1339 1817 de
1386 1750 1751 1833 Heraltich,
1810 1750 2150 1816 Johannes
2211 1750 2292 1815 de
2352 1751 2670 1825 Wisnow,
2727 1750 2904 1815 Budi·

548 1834 731 1902 slaus
745 1835 959 1920 judex
984 1837 1445 1923 Oppaviensis,
1492 1836 1934 1919 Zlauiborius,
1979 1836 2354 1903 Bohuslaus
2377 1836 2553 1902 filius
2581 1836 2905 1917 Rathmiri,

545 1918 811 1986 Uli-icus
856 1922 1029 1988 filius
1075 1924 1402 2005 Protivae,
1451 1923 1847 1990 Chastolaus
1891 1944 2037 1987 cum
2063 1922 2523 1989 Harthmanno
2564 1922 2765 1988 fratre
2787 1944 2904 2003 suo,

542 2006 775 2072 Milota
820 2016 886 2073 et
927 2010 1261 2094 Rupertus
1288 2009 1405 2074 filii
1450 2010 1848 2091 Wokkonis,
1893 2008 2288 2075 Wilhelmus
2333 2009 2510 2073 filius
2553 2008 2904 2090 Slaviborii,

541 2093 874 2157 Nezamizl
900 2102 965 2159 et
987 2094 1189 2161 frater
1238 2097 1381 2181 ejus
1430 2095 1856 2162 Rathiborius
1903 2094 1986 2161 de
2031 2098 2298 2178 Ramur,
2322 2094 2562 2161 Gallus
2583 2095 2668 2161 dc
2691 2094 2902 2162 Levm-

540 2176 731 2261 berk,
777 2180 1157 2245 Bohuzlaus
1205 2181 1464 2267 dapifer
1508 2204 1660 2247 cum
1719 2181 1920 2247 fratre
1988 2203 2105 2246 suo
2163 2181 2520 2247 Predborio
2545 2232 2560 2262 ,
2625 2182 2800 2247 Ruzs
2851 2190 2904 2245 et

538 2264 930 2331 Wilhelmus
945 2265 1121 2331 filius
1136 2268 1507 2350 Prothivae,
1524 2266 1972 2333 Theodericus
1986 2266 2219 2344 Albus,
2231 2268 2660 2335 Weseborius
2679 2276 2744 2332 et
2761 2268 2902 2333 Gra-

538 2349 715 2415 bisse
746 2349 879 2414 filii
921 2352 1165 2436 Egidii,
1214 2354 1545 2419 Dominus
1593 2355 1952 2439 Gregorius
1997 2363 2220 2419 custos
2264 2352 2902 2434 Olomucensis,Ale-

538 2437 689 2501 xius
734 2445 799 2502 et
840 2437 1049 2502 Davit
1092 2442 1394 2505 canonici
1441 2440 1740 2525 ejusdem
1785 2438 2110 2505 ecclesiae
2155 2450 2222 2507 et
2265 2440 2378 2506 alii
2437 2462 2636 2526 quam
2678 2439 2902 2527 plures.

709 2522 880 2587 Acta
925 2533 1077 2589 sunt
1120 2525 1245 2592 hoc
1290 2548 1465 2592 anno
1511 2528 1763 2612 gratiae
1807 2524 2152 2593 MCOLVI
2197 2536 2263 2593 et
2305 2526 2652 2613 publicata
2677 2528 2750 2591 in
2791 2525 2899 2591 col-

536 2606 758 2691 loquio
802 2610 1095 2693 generali
1138 2613 1207 2676 in
1253 2613 1561 2699 Oppauia
1603 2611 1933 2680 celebrato
1967 2612 2191 2677 XVII.
2237 2612 2388 2678 Kal.
2435 2614 2744 2698 Augusti.

707 2694 885 2759 Data
928 2718 1048 2779 per
1091 2720 1323 2763 manus
1368 2701 1774 2765 notariorum
1821 2699 2070 2763 domini
2130 2696 2472 2765 Wilhelmi
2529 2711 2596 2765 et
2661 2698 2896 2764 domini

528 2778 809 2845 Arnoldi
854 2782 1143 2849 virorum
1189 2784 1543 2851 illustrium
1590 2794 1658 2851 et
1701 2784 2076 2870 proborum,
2123 2794 2187 2851 et
2275 2786 2345 2849 ui
2387 2784 2562 2851 hanc
2623 2794 2898 2849 nostram

533 2864 904 2931 libertatem
951 2878 1177 2935 sancto
1224 2870 1465 2938 factam
1512 2880 1579 2938 et
1619 2870 1932 2938 traditam
1977 2872 2264 2938 Wences
2293 2893 2373 2937 ao
2406 2870 2900 2957 impugnaverit,

532 2952 883 3019 anathema
927 2956 1026 3021 sit.
1091 2958 1328 3022 Amen.

1669 3200 1774 3264 47.

888 3296 1433 3383 Immunitates
1488 3300 1857 3387 civitatis
1912 3302 2524 3386 monasterialis.

1362 3422 1371 3430 ·
1636 3424 1824 3489 1259.

731 3561 795 3609 In
850 3562 1027 3611 castro
1080 3559 1252 3625 iupae
1307 3561 1719 3627 Litomyslensis
1755 3564 2044 3614 conditum.
2063 3568 2144 3614 est
2177 3578 2319 3615 saec.
2359 3565 2486 3615 XII.
2525 3566 2893 3617 monasterium

526 3628 728 3679 ordinis
768 3627 823 3677 S.
859 3626 1153 3691 Benedicti,
1191 3629 1331 3693 quod
1366 3631 1529 3696 paulo
1566 3637 1688 3697 post
1722 3634 2162 3685 transformatum
2197 3638 2278 3684 est
2313 3634 2370 3683 in
2407 3636 2722 3687 coenobium
2759 3634 2891 3685 ordi-

522 3697 609 3747 nis
643 3698 1268 3749 Praemonstratensium.

730 3766 1057 3817 Suburbium
1092 3768 1287 3819 veteris
1324 3770 1485 3820 castri
1521 3784 1588 3819 ex
1624 3770 1968 3821 concessione
2003 3770 2302 3836 Premyslai
2337 3772 2382 3821 Ι.
2418 3772 2478 3823 in
2512 3773 2736 3825 formam
2770 3773 2892 3823 civi-

524 3838 667 3897 tatis,
706 3837 1029 3885 monasterio
1066 3837 1329 3901 subditae,
1367 3838 1641 3889 redactum
1679 3844 1774 3907 est,
1811 3840 1954 3905 quod
1988 3845 2116 3891 tunc
2151 3842 2382 3907 primum
2419 3844 2614 3894 evenit.

731 3904 965 3969 (Boczek
1003 3904 1130 3956 Cod.
1167 3904 1313 3971 Dipl.
1348 3909 1486 3957 Mor.
1522 3922 1590 3957 ex
1626 3910 1757 3974 orig.
1795 3925 1938 3960 mon.
1966 3910 2248 3976 Litomyel.
2285 3910 2386 3960 111.
2423 3913 2568 3978 281.)

688 4003 769 4066 In
812 4007 1085 4069 nomine
1130 4006 1411 4071 Sanctae
1459 4016 1525 4072 et
1568 4007 1946 4075 individuae
1991 4012 2357 4077 Trinitatis.
2405 4012 2641 4078 Amen.
2677 4050 2686 4053 -

692 4088 829 4152 Nos
874 4090 1241 4157 Othacarus
1289 4096 1400 4178 qui
1447 4102 1513 4159 et
1558 4094 1854 4179 Premisl,
1902 4097 2032 4163 Dei
2076 4100 2288 4181 gratia
2354 4096 2660 4164 dominus
2712 4098 2888 4182 regni

516 4172 845 4255 Boemiae,
893 4175 1029 4239 dux
1074 4179 1383 4244 Austriae
1430 4189 1495 4243 et
1538 4182 1832 4249 marchio
1875 4184 2238 4267 Moraviae,
2283 4183 2592 4249 omnibus
2637 4206 2752 4271 per
2789 4206 2881 4251 re-

516 4280 719 4343 gnum
763 4260 1072 4327 Boemiae
1117 4266 1488 4331 constitutis
1534 4270 1816 4350 gratiam
1861 4292 2048 4335 suam
2093 4279 2160 4337 et
2205 4292 2400 4337 omne
2446 4270 2710 4339 bonum.
