3150 5017
1262 348 1687 412 ...35-

453 513 700 580 Verum
747 535 894 579 cum
919 517 1004 579 ad
1035 518 1605 584 commonitionem
1630 517 2032 605 apostolicae
2078 521 2253 586 sedis
2276 531 2341 588 et
2374 531 2661 590 nostram

272 600 508 666 relicto
556 601 726 666 duce
770 601 1052 668 Sueviae
1096 602 1182 667 ad
1225 603 1677 670 charissimum
1720 607 1791 670 in
1816 604 2081 672 Christo
2104 605 2311 674 filium
2337 620 2657 693 nostrum,

269 687 600 752 illustrem
643 709 866 771 regem
891 686 1240 770 Othonem,
1285 691 1355 754 in
1399 691 1847 756 Romanorum
1870 693 2331 778 imperatorem
2356 696 2659 779 electum,

273 781 350 837 te
393 775 814 854 converteris,
861 795 1018 838 usus
1063 775 1340 840 consilio
1387 779 1651 857 saniori,
1696 785 1765 842 et
1808 779 1951 864 ipse
1996 777 2195 844 habet
2238 790 2303 846 te
2342 804 2458 866 pro
2482 804 2659 868 rege,

269 867 414 922 tam
459 861 700 923 intuitu
743 880 1013 945 precum
1060 862 1222 947 ejus,
1269 882 1466 946 qnam
1513 871 1671 927 tuae
1708 864 2075 930 devotionis
2114 864 2406 950 obtentu,
2432 890 2657 954 regem

269 954 344 1008 te
391 945 471 1008 de
516 954 732 1010 cetero
777 955 1085 1030 reputare
1130 946 1436 1012 volumus
1483 958 1550 1014 et
1593 969 1855 1016 vocare.

451 1030 552 1094 Tu
595 1032 796 1114 igitur
841 1031 1062 1098 taliter
1105 1035 1385 1118 gratiam
1433 1034 1554 1098 tibi
1600 1035 1840 1100 factam
1887 1057 2231 1120 agnoscas,
2292 1049 2357 1104 et
2414 1040 2513 1104 sic
2560 1042 2663 1104 in-

273 1115 702 1200 gratitudinis
745 1118 977 1182 vitium
1021 1119 1293 1183 studeas
1355 1121 1639 1202 evitare,
1701 1131 1775 1185 ut
1818 1130 1934 1185 tua
1992 1125 2253 1188 devotio
2314 1131 2661 1208 mereatur,

273 1201 459 1286 quod
504 1211 571 1266 et
613 1205 828 1286 gratia
867 1203 992 1268 tibi
1035 1204 1232 1270 detur
1275 1227 1362 1269 ex
1420 1207 1634 1290 gratia
1658 1253 1675 1286 ,
1738 1215 1801 1271 et
1864 1206 2019 1272 data
2076 1211 2281 1292 gratis
2343 1221 2658 1297 perpetuo

270 1297 725 1369 conservetur,
783 1291 1162 1372 provisurus
1207 1293 1522 1356 attentius
1548 1340 1565 1372 ,
1612 1302 1685 1356 ut
1727 1301 1972 1380 quanto
2020 1295 2214 1357 citius
2258 1300 2523 1381 poteris,
2566 1297 2653 1362 ab

271 1373 510 1437 eodem
557 1394 712 1458 rege
759 1373 1018 1440 Othone
1063 1386 1125 1442 te
1172 1377 1380 1441 facias
1427 1377 1833 1443 sollemniter
1876 1381 2201 1444 coronari.

449 1460 694 1524 Datum
742 1461 1048 1526 Laterani
1097 1462 1288 1528 XIII.
1336 1463 1677 1529 Kalendas
1720 1465 1905 1550 Maji,
1952 1487 2129 1530 anno
2178 1467 2473 1553 septimo.

1425 1755 1528 1819 22.

555 1889 606 1970 J
609 1911 704 1972 us
761 1887 1416 1974 Theutonieorum
1467 1891 1552 1973 in
1605 1891 1833 1974 villis
1891 1913 2365 1978 eoncessum.

1296 2028 1411 2094 cc.
1457 2029 1642 2094 1204.

484 2181 814 2233 wladislaus
849 2183 1086 2233 marchio
1101 2183 1388 2247 nerviae,
1424 2183 1677 2235 fratribus
1714 2184 1915 2235 ordinis
1952 2185 2005 2236 S.
2023 2186 2250 2236 Joannis
2273 2185 2661 2250 Hierosolymi-

271 2255 392 2306 tani
427 2253 657 2303 contulit
689 2251 1008 2316 libertatem,
1043 2256 1103 2302 ut
1139 2253 1214 2302 eis
1247 2253 1307 2302 in
1344 2253 1499 2304 villas
1533 2268 1663 2305 suas
1698 2269 1889 2306 vocare
1924 2254 2085 2308 liceat
2120 2269 2253 2319 quos
2288 2253 2551 2305 voluerint
2570 2269 2663 2305 vo·

268 2325 487 2386 eatique
521 2325 584 2372 ut
610 2320 732 2384 jure
769 2321 1218 2370 Theutonicorum
1257 2325 1490 2372 utantur.

491 2389 766 2454 originale
801 2389 962 2453 hujus
999 2390 1278 2455 privilegii,
1317 2391 1386 2440 ab
1421 2391 1735 2442 Innocentio
1773 2391 1875 2443 111.
1910 2406 2053 2459 papa
2088 2393 2173 2450 24.
2212 2406 2325 2458 apr.
2366 2393 2499 2444 1206
2538 2405 2663 2443 con—

271 2459 493 2523 firmati,
527 2460 588 2508 in
622 2458 837 2508 archivo
873 2458 1238 2509 Melitensium
1273 2459 1478 2525 Pragae
1513 2465 1768 2512 servatur.

453 2609 534 2674 In
577 2611 842 2674 nomine
889 2619 1155 2675 sanctae
1198 2613 1506 2677 trinitatis
1569 2621 1640 2678 et
1700 2611 2083 2677 individuae
2143 2613 2432 2678 unitatis.
2520 2613 2666 2698 Ege

273 2695 648 2762 Watizlaus
691 2695 820 2760 Dei
864 2699 1076 2782 gratia
1119 2697 1405 2763 marchio
1449 2698 1805 2764 Mox-aviae.
1852 2699 2019 2764 Cum
2044 2700 2111 2762 in
2152 2699 2478 2786 praesenti
2520 2698 2667 2765 laus

274 2785 366 2851 sit
411 2783 780 2868 principum
840 2792 904 2848 et
961 2783 1198 2868 gloria,
1259 2785 1561 2872 quotiens
1621 2783 2074 2870 religiosorum
2137 2785 2311 2850 bona
2362 2783 2668 2851 libertate

275 2868 575 2954 gaudent
619 2876 684 2933 et
729 2880 996 2933 sumunt
1039 2870 1478 2950 incrementa,
1535 2872 1692 2936 inde
1750 2883 1971 2938 tamen
2033 2879 2182 2957 post
2234 2869 2431 2958 hujus
2492 2873 2667 2938 vitae

273 2976 545 3019 cursum
592 2974 815 3018 eorum
907 2963 1332 3040 erpetuantur
1374 2956 1545 3021 tituli
1593 2965 1659 3020 et
1702 2956 1911 3042 fulget
1954 2958 2270 3022 memoria
2283 2977 2443 3038 „eo
2490 2955 2667 3042 quod

273 3063 407 3128 pro
449 3039 754 3105 libertate
798 2977 904 3106 ad)
925 3050 1326 3106 momentum
1373 3063 1688 3108 concessa
1749 3043 1940 3108 datur
1994 3043 2266 3109 libertas
2328 3054 2664 3128 perpetua,

275 3135 354 3192 et
442 3147 514 3190 ro
555 3125 818 3191 tantillo
861 3129 1112 3193 semine
1155 3126 1454 3194 redditur
1497 3128 1747 3194 fructus
1792 3151 1939 3194 cum
1986 3151 2205 3193 usura.
2250 3128 2419 3196 Cum
2466 3130 2667 3214 igitur

277 3215 399 3278 inc
425 3221 576 3298 ytae
617 3214 972 3278 memoriae
993 3223 1184 3299 pater
1203 3223 1445 3296 noster,
1491 3214 1765 3279 illustris
1810 3237 1931 3280 rex
1978 3217 2395 3297 Boemorum‚
2442 3215 2664 3300 religi-

276 3319 438 3363 osas
481 3296 709 3363 domos
755 3296 1040 3364 libenter
1075 3299 1458 3365 fundaverit
1501 3309 1568 3366 et
1611 3323 1869 3388 semper
1916 3301 2328 3388 provexerit:
2362 3311 2669 3368 tenentur

273 3385 404 3450 filii
447 3383 752 3449 industrii
768 3383 924 3450 boni
1015 3387 1171 3450 atris
1215 3385 1458 3452 imitari
1501 3389 1781 3472 vestigia
1826 3398 1890 3452 et
1936 3389 2071 3454 suis
2114 3395 2263 3474 post
2302 3409 2370 3451 se
2412 3408 2666 3452 succes·

275 3468 546 3536 soribus
587 3470 850 3556 pietatis
893 3407 1266 3557 refinquere
1311 3473 1632 3559 exempla.

456 3573 778 3638 Noverint
826 3574 916 3638 ita
965 3595 1046 3639 ue
1101 3583 1236 3639 tam
1291 3585 1667 3663 praesentes
1720 3597 1917 3662 quam
1989 3575 2225 3656 futuri,
2346 3576 2473 3650 uod
2542 3595 2665 3659 ego

282 3657 706 3737 Watiszlaus,
757 3681 935 3723 mare
986 3661 1046 3724 io
1080 3660 1433 3744 Moraviae,
1481 3661 1792 3732 fratribus
1817 3662 2049 3726 domus
2075 3598 2666 3746 hospitglissancti

277 3744 610 3832 Johannis
654 3744 994 3832 Baptistae
1039 3755 1284 3810 tantam
1313 3748 1381 3811 in
1400 3749 1769 3834 principatu
1809 3757 2029 3812 nostro
2055 3747 2445 3812 contulimus
2470 3746 2665 3812 liber-
2746 3781 2751 3787 ·

277 3840 508 3913 tatem,
553 3839 624 3896 ut
668 3833 862 3896 liceat
897 3834 998 3896 eis
1043 3835 1111 3896 in
1159 3854 1585 3920 quascunque
1630 3835 2023 3899 hereditates
2070 3855 2219 3898 suas
2245 3834 2461 3896 locare
2500 3855 2664 3922 quos
2734 3837 2741 3855 ³

277 3917 633 3998 voluerint,
677 3919 771 3981 ita
817 3926 890 3982 ut
933 3920 1150 3983 vocati
1185 3920 1339 4004 jure
1383 3919 1936 3986 Theutonicorum
1984 3921 2199 4006 quiete
2260 3928 2325 3982 et
2368 3921 2509 3984 sine
2555 3941 2665 3984 ve-

277 4003 854 4068 xationeutantur.
901 4003 1299 4071 Exactiones
1344 4007 1412 4070 in
1458 4007 1703 4072 tributo
1746 4015 1961 4071 terrae
2004 4013 2070 4070 et
2114 4025 2337 4070 omnes
2382 4005 2547 4070 alias
2580 4006 2665 4071 ad

279 4111 445 4154 usus
487 4098 743 4154 nostros
790 4099 1160 4176 spectantes
1206 4091 1654 4176 indulgemu3‚
1700 4092 1812 4156 sed
1869 4090 2157 4156 habeant
2213 4093 2284 4156 in
2340 4090 2664 4174 omnibu8‚

281 4176 454 4240 sicut
519 4174 767 4240 habent
846 4176 1261 4258 Theutonici,
1323 4199 1619 4242 securam
1680 4177 2081 4253 libertatem,
2126 4177 2239 4264 jus
2304 4176 2539 4244 stabile
2600 4187 2666 4244 et

278 4261 563 4345 firmum,
603 4263 968 4328 secundum
1015 4263 1190 4348 quod
1235 4263 1467 4330 fratres
1512 4285 1661 4328 cum
1706 4265 1801 4331 eis
1847 4263 2315 4331 ordinaverint.

2170 4349 2249 4416 3⁶}
