3150 5017
426 298 561 347 Lm.
608 298 699 373 liv·
1378 310 1463 322 ····
1554 272 1680 395 gap
1770 312 1868 373 *2

428 474 555 540 que
601 460 785 517 actus
830 447 1323 536 aggrediuntur,
1369 445 1547 512 bella
1593 446 1873 513 feliciter
1917 448 2313 534 peragendO,
2379 470 2656 533 regnum
2690 471 2807 513 no-

428 550 635 605 strum
696 559 856 626 pace
918 533 1422 601 commendabili
1485 534 1890 618 decorantes,
1935 545 2000 599 et
2059 544 2300 601 statum
2349 546 2609 603 nostrae
2679 537 2802 601 rei·

428 625 734 714 publicae
794 632 1240 690 sustentamus
1300 622 1467 687 bene
1528 622 1610 685 ad
1671 623 1882 711 ipsius
1929 621 2204 707 gloriam
2267 632 2465 710 atque
2524 622 2808 704 laudem,

430 712 597 779 nihil
658 713 741 778 de
804 721 1026 777 nostro
1095 710 1359 794 ingenio
1429 718 1940 793 praesumentes,
2007 709 2126 776 sed
2193 733 2454 777 omnem
2521 718 2812 775 nostram

428 823 611 888 spem
680 800 765 864 ad
830 798 1037 863 solam
1099 796 1579 883 providentiam
1644 796 1987 863 referimus
2045 797 2404 880 Trinitatis,
2472 797 2648 862 unde
2715 807 2810 861 to·

426 891 558 955 tius
603 886 831 951 mundi
878 884 1203 951 elementa
1265 892 1743 970 processerunt,
1806 905 2168 971 omnesque
2228 886 2406 971 leges
2451 896 2516 950 et
2561 886 2800 949 consti-

427 976 713 1040 tutiones
758 995 877 1059 per
922 994 1036 1037 ora
1080 972 1453 1059 principum
1499 969 1815 1036 divinitus
1861 972 2298 1058 proferuntur.
2345 972 2540 1039 Unde
2579 972 2687 1037 his
2711 994 2812 1036 sa-

428 1060 752 1127 lutaribus
797 1060 1115 1124 admoniti
1159 1058 1547 1144 praeceptiS‚
1592 1057 1921 1140 videlicet,
1971 1061 2181 1145 „juste
2217 1059 2512 1145 judicate
2557 1059 2676 1123 filii
2702 1058 2814 1123 ho-

428 1150 743 1237 min.um“,
790 1157 854 1213 et
888 1167 1105 1231 „nunc
1148 1167 1335 1230 reges
1368 1143 1733 1231 intelligite,
1781 1146 2151 1229 erudimini,
2197 1148 2310 1233 qui
2324 1146 2640 1233 judicatis
2687 1155 2816 1212 ter·

425 1238 627 1318 ram,“
676 1244 740 1301 et
781 1243 916 1299 tam
964 1234 1223 1316 divinis,
1270 1254 1467 1318 quam
1513 1232 1822 1299 humanis
1861 1233 2816 1315 constitutionibusinformati,

428 1344 656 1409 secure
718 1324 1083 1403 statuimus,
1133 1340 1357 1385 omnes
1424 1320 1824 1406 principales
1890 1342 2206 1407 personas
2264 1324 2331 1386 in
2401 1322 2628 1408 prim0,
2678 1321 2821 1399 litis

427 1409 697 1477 exordio
734 1409 963 1475 ‘subire
1009 1407 1427 1493 calumpniae
1482 1407 1928 1492 juramentum
1988 1410 2057 1473 in
2101 1409 2277 1473 hunc
2322 1409 2634 1474 modum:
2723 1403 2822 1472 Ut

425 1500 634 1585 primo
672 1498 854 1583 juret
898 1505 1095 1572 actor,
1142 1494 1317 1581 quod
1362 1515 1494 1558 non
1543 1493 2035 1581 calumpniandi
2079 1497 2298 1560 animo
2343 1495 2523 1562 litem
2569 1503 2816 1577 movet,

426 1585 541 1651 sed
588 1587 743 1671 quia
788 1583 1013 1664 credit,
1073 1582 1315 1647 bonam
1362 1602 1628 1645 causam
1695 1581 1954 1648 habere.
2045 1582 2304 1649 Deinde
2341 1583 2595 1671 jurabit
2638 1604 2819 1665 reus,

428 1671 605 1759 quod
666 1670 873 1735 credit
925 1691 994 1734 se
1052 1670 1227 1735 bona
1277 1670 1537 1753 justitia
1599 1670 1710 1752 uti,
1779 1668 1961 1735 nulla
2009 1692 2078 1735 se
2145 1692 2347 1735 causa
2397 1670 2611 1736 calum
2663 1672 2819 1737 niae

427 1758 872 1826 defensurum.
916 1756 1084 1821 Item
1120 1754 1373 1842 jurabit
1415 1765 1707 1841 uterque,
1759 1758 2061 1843 quotiens
2121 1780 2238 1842 per
2273 1756 2571 1845 judicem
2645 1760 2821 1823 uerit

423 1847 801 1932 requisitus,
859 1844 1278 1931 respondere,
1348 1842 1522 1929 quod
1563 1864 1788 1907 verum
1837 1866 1982 1909 esse
2043 1844 2270 1929 credit,
2329 1868 2454 1912 nec
2521 1847 2818 1911 scienter

426 1933 596 1998 falsa
670 1931 1058 2017 probatione
1119 1939 1365 2010 utetur,
1426 1952 1547 1994 nec
1616 1939 1792 2015 petet
1857 1930 2236 1997 dilationem
2302 1954 2502 1998 causa
2559 1932 2816 1997 subter·

426 2020 723 2105 fugiendi
775 2018 1121 2105 judicium,
1167 2038 1250 2083 ne
1308 2016 1391 2082 lis
1450 2018 1860 2102 retardetur3
1907 2040 2030 2085 nec
2075 2017 2276 2101 dedit,
2323 2042 2446 2085 nec
2493 2020 2818 2107 promisit,

426 2130 549 2173 nec
611 2105 814 2188 dabit,
882 2126 1003 2169 nec
1062 2106 1382 2190 promittit
1448 2103 1702 2191 aliquid
1768 2128 1884 2192 pro
1953 2105 2078 2171 hac
2145 2128 2347 2173 causa
2404 2128 2521 2193 per
2567 2129 2639 2173 se
2703 2104 2820 2171 vel

426 2194 621 2259 aliam
682 2213 1142 2279 quamcunque
1188 2213 1532 2277 personam
1599 2193 2067 2278 interpositam,
2139 2201 2209 2258 ut
2275 2215 2394 2279 pro
2439 2215 2515 2259 eo
2559 2194 2822 2259 feratur

425 2283 771 2359 sententia,
822 2281 959 2345 nisi
1019 2281 1141 2361 his,
1187 2278 1443 2343 scilicet
1486 2279 1840 2363 advocatis,
1887 2280 2162 2366 aliisque
2207 2282 2523 2367 personis,
2569 2280 2821 2366 quibus

424 2369 621 2441 licite,
664 2370 820 2453 jura
867 2367 1022 2431 dare
1091 2368 1494 2450 permittunt.
1586 2370 1642 2448 ξ.
1705 2368 1763 2433 3.
1851 2366 1941 2433 Et
1997 2364 2122 2432 hoc
2178 2369 2631 2455 juramentum
2709 2389 2821 2431 ca-

424 2454 761 2542 lumpniae
805 2475 938 2517 non
965 2462 1181 2537 potest
1222 2454 1465 2519 remitti
1508 2474 1549 2517 a
1579 2454 1896 2538 partibus,
1944 2476 2088 2519 cum
2116 2476 2232 2541 pro
2258 2456 2590 2521 communi
2635 2452 2820 2519 utili·

422 2550 557 2607 tate
602 2540 1054 2626 principaliter
1110 2541 1195 2603 sit
1238 2541 1600 2621 inventum,
1659 2563 1794 2607 non
1839 2551 2093 2606 tantum
2138 2564 2256 2627 pro
2302 2540 2643 2608 commodo
2676 2542 2820 2627 pri-

422 2636 744 2694 vatorum.
792 2632 851 2709 ξ.
896 2626 959 2691 4.
1003 2625 1237 2690 Poena·
1267 2647 1422 2692 vero
1467 2629 1706 2692 actoris
1751 2637 1851 2694 est
1874 2628 2156 2694 nolentis
2199 2629 2324 2694 hoc
2368 2650 2600 2715 parare
2629 2630 2822 2716 jura-

421 2723 737 2796 mentum,
800 2722 874 2778 ut
932 2712 1015 2778 ab
1076 2714 1377 2779 instituta
1422 2714 1617 2780 cadat
1669 2716 1948 2798 actione,
2009 2738 2162 2781 reus
2225 2725 2445 2782 autem
2492 2737 2612 2803 pro
2659 2737 2818 2783 con-

425 2802 600 2867 fesso
648 2800 840 2866 modo
898 2799 1095 2865 simili
1142 2799 1473 2866 habeatur.
1565 2806 1624 2883 ξ.
1672 2803 1734 2867 5.
1825 2802 2144 2868 Volumus
2215 2804 2431 2886 etiam,
2501 2810 2576 2868 ut
2615 2826 2814 2869 reve-

422 2888 702 2954 rendum
748 2897 1009 2953 nostrae
1054 2887 1542 2974 redemptionis,
1606 2889 1858 2955 scilicet
1915 2890 2220 2957 vivificae
2267 2896 2479 2955 crucis
2520 2893 2816 2976 signum,

430 2999 506 3041 su
558 2997 631 3040 er
676 2972 975 3062 quo'erit
1034 2975 1420 3061 jurandum,
1478 2998 1792 3062 praesens
1853 2978 2029 3042 omni
2087 2977 2250 3044 hora
2296 2990 2676 3044 reverenter
2740 2980 2816 3043 in

420 3064 501 3149 ju
550 3064 676 3127 icio
742 3062 1117 3145 collocetur,
1222 3071 1501 3129 uatenus
1563 3064 1859 3129 universi
1917 3086 2050 3129 non
2110 3067 2524 3131 immemores
2571 3064 2812 3131 salutis

426 3151 730 3236 propriae
804 3172 1034 3215 verum
1112 3172 1191 3214 su
1239 3159 1496 3216 vertere
1570 3150 1886 3234 judicium
1977 3154 2355 3237 cogitantes,
2442 3154 2586 3239 ejus
2669 3166 2850 3218 tam-

425 3235 705 3300 terribili
779 3238 1154 3322 praesentia
1218 3244 1584 3303 terreantur
1607 3286 1623 3318 ,
1699 3260 1860 3303 sane
1927 3238 2544 3321 animadvertendO,
2607 3261 2810 3325 quam

421 3344 625 3405 grave
671 3323 755 3387 sit
820 3327 1075 3411 corpori
1141 3332 1205 3389 et
1270 3326 1547 3406 animae,
1616 3334 1944 3390 aeternam
1991 3326 2323 3392 offendere
2367 3326 2808 3412 Majestatem.

426 3414 487 3492 ξ.
534 3411 593 3475 6.
683 3410 821 3475 Nec
888 3410 1011 3476 hoc
1078 3412 1565 3498 praestantibus
1602 3412 2048 3497 juramentum
2096 3414 2348 3479 ratione
2395 3414 2540 3498 ejus
2588 3436 2810 3500 poena

430 3495 656 3583 aliqua
701 3497 1087 3578 imminebit,
1132 3520 1347 3584 neque
1392 3497 1477 3563 ab
1524 3500 1620 3563 eis
1665 3501 1918 3566 ratione
1963 3498 2158 3585 hujus
2196 3502 2562 3586 juramenti
2608 3522 2807 3587 pecu-

422 3584 536 3649 nia
594 3583 815 3671 aliqua
859 3588 1191 3670 exigatur;
1239 3608 1392 3651 nam
1438 3583 1646 3651 libere
1708 3588 1850 3651 sine
1910 3586 2132 3674 aliqua
2189 3587 2384 3652 arrha
2449 3587 2576 3652 hoc
2622 3589 2806 3673 exigi

420 3668 725 3755 volumus
774 3673 1231 3753 ‘uramentum,
1278 3680 1449 3737 uteo
1496 3671 1756 3737 facilius
1781 3675 2022 3740 veritas
2067 3676 2137 3739 in
2151 3674 2429 3759 judiciis
2453 3674 2804 3740 elucescat.

429 3760 492 3837 ξ.
544 3756 579 3819 7
627 3757 714 3821 Et
758 3694 1007 3823 llicitum
1056 3759 1139 3823 sit
1162 3761 1382 3844 parari
1430 3760 1553 3823 hoc
1591 3761 2036 3845 juramentum
2085 3763 2264 3827 omni
2308 3771 2622 3848 tempore,
2668 3783 2801 3848 quo

413 3841 627 3929 judici
686 3843 839 3907 licet
900 3845 1154 3931 judicio
1215 3845 1607 3933 praesidere,
1669 3850 1826 3933 quia
1870 3870 2002 3913 non
2047 3859 2147 3915 est
2188 3850 2559 3935 iniquitatis
2605 3871 2794 3935 prae·

426 3928 684 4011 sidium,
732 3929 848 3996 sed
892 3934 1279 3999 scrutinium
1327 3935 1640 4000 veritatis.
