3150 5017
541 322 675 366 m.
717 322 823 369 111.
1489 343 1577 356 -
1664 306 1791 373 356
1878 344 1963 355 ...

1588 571 1764 653 Gap.
1807 569 1893 634 V.

701 687 801 751 De
846 687 1338 759 concessionibus
1370 710 1493 775 per
1533 688 1907 838 mezlqistrum
1948 689 2169 755 montis
2194 686 2405 774 factis
2446 688 2581 753 sine
2622 688 2784 753 scitu

1550 796 1619 839 co
1647 795 1927 841 onerum.

724 914 783 994 ξ.
835 914 892 978 1.
941 912 1118 978 Sane
1163 911 1218 977 si
1263 914 1578 1000 magister
1598 914 1841 979 montis
1878 914 2278 980 concesserit
2318 912 2607 1000 aliquam
2654 932 2907 979 conces-

552 998 804 1063 sionem
853 998 1104 1075 colonis
1149 1001 1378 1065 insciis
1437 1010 1505 1067 et
1563 1002 1704 1065 sine
1763 1002 2053 1086 ipsorum
2113 1000 2381 1066 licentia
2426 999 2729 1086 speciali:
2790 1008 2906 1065 sta-

549 1085 799 1171 timque
859 1094 1208 1173 postquam
1268 1087 1392 1152 hoc
1450 1087 1813 1170 statuerint,
1881 1088 2056 1152 infra
2112 1108 2317 1151 unum
2379 1086 2555 1151 diem·
2612 1095 2909 1152 tenentur

548 1170 722 1235 hanc
768 1175 1284 1248 concessionem,
1332 1175 1384 1239 si
1410 1173 1757 1251 voluerint,
1802 1174 2179 1255 reclamare,
2225 1174 2623 1239 laneonariis
2669 1172 2907 1239 denun-

549 1256 789 1323 ciando
836 1259 1220 1344 sectoribus,
1289 1270 1363 1326 ut
1406 1262 1475 1325 in
1520 1259 1637 1325 illa
1682 1262 2111 1327 concessione
2156 1260 2431 1326 ulterius
2476 1282 2609 1326 non
2655 1259 2907 1324 labora-

545 1353 728 1425 rent3
775 1344 941 1410 alias
986 1347 1199 1412 sciant
1243 1369 1314 1413 se
1359 1369 1707 1434 expensas,
1754 1369 1917 1433 quas
1962 1346 2204 1433 ibidem
2252 1346 2546 1424 fecerint,
2590 1368 2724 1411 una
2767 1367 2907 1411 cum

546 1428 883 1498 laboribus
941 1434 1330 1518 perdituros.
1412 1438 1471 1517 ἓ.
1517 1436 1577 1501 2.
1640 1432 1712 1498 Si
1773 1444 1991 1500 autem
2038 1433 2122 1498 ab
2168 1433 2301 1499 illis
2348 1434 2749 1499 laneonariis
2794 1434 2910 1498 sci-

545 1526 734 1583 enter
778 1521 1241 1605 proprietatem
1287 1543 1328 1586 a
1373 1523 1686 1607 magistro
1710 1523 1952 1587 montis
1976 1529 2285 1586 statutam
2328 1521 2714 1607 receperint,
2759 1529 2912 1585 tunc

547 1602 830 1670 ulterius
879 1608 1366 1674 concessionem
1413 1630 1534 1697 per
1577 1609 1958 1693 magistrum
2008 1608 2247 1673 montis
2292 1607 2388 1672 sic
2432 1606 2671 1671 factam
2720 1628 2909 1693 prop-

543 1699 644 1757 ter
686 1690 1214 1759 ratihabitionem
1277 1716 1411 1759 non
1479 1702 1787 1781 poterunt
1843 1694 2242 1778 reclamare3
2288 1695 2445 1781 quia
2489 1693 2665 1781 quod
2712 1693 2911 1759 semel

544 1776 814 1863 placuit,
861 1779 1145 1865 amplius
1192 1780 1542 1870 displicere
1589 1804 1722 1846 non
1769 1784 1997 1868 potuit.
2085 1781 2166 1845 In
2235 1781 2343 1846 his
2387 1802 2544 1846 vero
2590 1781 2913 1845 concessi·

549 1864 787 1930 onibus
833 1864 1208 1932 ratihabitio
1255 1868 1609 1933 retrahitur
1653 1876 1719 1934 et
1762 1868 2071 1932 mandato
2118 1876 2553 1954 comparatur.
2596 1868 2651 1953 ξ.
2674 1868 2738 1934 3.
2784 1866 2911 1933 Sed

554 1951 608 2016 si
657 1972 802 2016 cum
852 1952 977 2018 hac
1037 1956 1508 2042 protestatione
1566 1954 1901 2041 praedicto
1962 1955 2155 2019 modo
2215 1956 2677 2042 proprietatem
2739 1974 2911 2018 rece-

541 2039 778 2124 perint,
838 2042 934 2105 sic
980 2040 1304 2106 dicentes:
1350 2041 1544 2107 Hanc
1606 2043 2068 2130 proprietatem
2130 2042 2483 2127 recipimus
2543 2040 2729 2106 salvo
2765 2042 2913 2127 jure

543 2134 788 2208 nostre,
854 2128 908 2192 si
955 2126 1130 2213 quod
1177 2129 1370 2194 nobis
1418 2136 1647 2193 contra
1714 2128 2135 2193 laneonarios
2202 2128 2463 2192 videtur
2508 2136 2911 2213 competere:

542 2220 703 2276 tunc
746 2213 1044 2277 nullumi
1099 2215 1188 2279 sis
1214 2236 1299 2279 ex
1322 2217 1698 2302 receptione
1738 2214 1950 2280 dictae
1975 2215 2409 2302 proprietatis·
2434 2213 2909 2300 praejudicium

543 2298 932 2381 imminebit,
977 2236 1094 2365 vell>
1131 2312 1407 2388 possunt
1434 2312 1643 2367 totum
1672 2301 2009 2367 metallum
2034 2304 2366 2389 impetere,
2412 2300 2519 2365 vel
2543 2300 2910 2365 laneonarii

545 2385 600 2448 si
647 2406 780 2451 non
827 2395 980 2451 sunt
1026 2386 1365 2470 solvendo,
1413 2398 1691 2455 caveant
1734 2389 1925 2453 bonis
1946 2388 2470 2473 fidejussoribus,
2514 2395 2727 2451 totum
2776 2408 2907 2451 me-

542 2469 797 2552 tallum,
845 2474 898 2537 si
943 2473 1012 2537 in
1061 2494 1262 2540 causa
1307 2477 1687 2559 ceciderint,
1730 2475 2121 2541 reddituros.
2212 2475 2461 2539 Tamen
2506 2475 2683 2539 circa
2727 2494 2909 2561 prae·

545 2554 760 2622 dictas
817 2558 1268 2645 fidejussorias
1327 2563 1666 2628 cautiones
1733 2571 1833 2627 est
1878 2560 2135 2626 cautela
2178 2562 2469 2626 maxima
2512 2558 2911 2639 adhibenda,

545 2644 808 2794 quando
833 2665 1034 2711 unum
1061 2647 1400 2714 metallum
1429 2669 1626 2736 super
1650 2648 1829 2713 aliud
1855 2647 2249 2729 cumulatur,
2295 2668 2373 2711 ac
2416 2649 2635 2711 minus
2681 2668 2911 2712 ascen-

590 2731 660 2795 it.
709 2733 770 2813 ξ.
797 2732 858 2797 4.
905 2732 993 2796 Et
1039 2734 1092 2797 si
1139 2743 1296 2799 tunc
1342 2736 1707 2800 laneonarii
1750 2734 2189 2820 aliquomodo
2215 2732 2671 2818 subterfugere
2716 2753 2917 2819 quae·-

541 2825 696 2881 runt
730 2818 1077 2903 judicium,
1123 2831 1188 2887 et
1233 2823 1450 2887 statim
1497 2843 1581 2886 ex
1627 2843 1704 2886 eo
1750 2822 2039 2906 suspecti
2072 2819 2433 2885 habentur:
2476 2830 2636 2885 tunc
2681 2818 2915 2885 metal-

542 2902 678 2967 lum
726 2906 850 2970 erit
893 2907 1069 2991 apud
1115 2929 1526 2973 communem
1573 2908 1903 2973 hominem
1950 2905 2514 2993 sequestrandum,
2562 2906 2672 2992 qui
2694 2906 2913 2992 ipsum

543 2998 888 3056 conservet
991 2996 1136 3076 arti,
1205 2996 1486 3080 quaein
1534 3016 1735 3059 causa
1779 2993 2067 3060 obtinuit
2129 2994 2468 3060 victoriam
2541 2991 2912 3079 principali.

542 3079 603 3159 ξ.
622 3076 686 3141 5.
731 3076 913 3143 Idem
940 3015 1287 3146 dicendum
1315 3082 1458 3163 erit,
1505 3083 1558 3145 si
1586 3081 1947 3147 laneonarii
1974 3082 2259 3167 suspecti
2306 3101 2438 3145 non
2484 3078 2751 3159 fuerint,
2797 3078 2915 3143 sed

547 3172 771 3227 tamen
843 3164 1263 3252 fidejussores
1307 3168 1579 3232 idoneos
1624 3166 1867 3233 habere
1910 3190 2044 3232 non
2092 3175 2385 3253 possunt,
2442 3175 2516 3230 ut
2572 3163 2913 3231 metallum

540 3250 718 3335 apud
779 3272 1080 3317 securum
1149 3261 1215 3319 et
1272 3255 1581 3319 idoneum
1643 3254 1973 3321 hominem
2021 3262 2482 3339 sequestretur,
2543 3260 2615 3316 ut
2658 3251 2915 3318 victrici

541 3336 713 3421 parti
760 3345 1058 3425 tempore
1103 3340 1414 3406 victoriae
1458 3341 1807 3407 tribuatur.
1856 3345 1914 3424 ξ.
1960 3342 2019 3406 6.
2063 3338 2553 3406 Providendum
2584 3340 2785 3403 etiam
2816 3344 2917 3403 est

541 3422 851 3500 studiose,
899 3446 982 3489 ne
1030 3427 1416 3493 innocentes
1460 3426 1780 3510 homines,
1825 3430 1996 3494 sicut
2038 3436 2424 3494 consuetum
2472 3434 2570 3491 est
2614 3424 2915 3512 quando-

541 3529 672 3595 que
715 3509 881 3595 fieri,
921 3513 990 3576 in
1036 3510 1494 3580 interdictione
1541 3514 1643 3579 sui
1687 3513 1937 3580 metalli
1981 3514 2067 3579 ab
2112 3512 2445 3601 aliquibus
2492 3512 2625 3577 suis
2671 3511 2917 3577 calum·

533 3596 900 3663 uiatoribus
966 3597 1262 3665 indebite
1326 3600 1777 3667 molestentur.
1880 3600 2077 3665 Unde
2144 3600 2528 3680 statuimus,
2610 3606 2704 3685 ut,
2770 3597 2911 3685 qui·

538 3701 797 3770 cunque
841 3684 1029 3751 alteri
1074 3708 1264 3751 suum
1311 3687 1651 3757 metallum
1717 3687 2190 3768 interdicendo,
2259 3694 2612 3772 antequam
2688 3706 2911 3751 coram

530 3767 759 3854 judice
805 3780 920 3836 aut
963 3775 1277 3859 magistro
1324 3775 1566 3839 montis
1611 3773 2043 3861 principalem
2105 3774 2385 3838 moverit
2442 3773 2917 3860 quaestionem,

536 3854 819 3922 voluerit
861 3860 1217 3948 impediret
1253 3861 1479 3947 jurare
1523 3869 1825 3926 teneatur
1867 3860 2112 3925 ibidem
2158 3860 2243 3925 ad
2288 3868 2577 3926 sanctam
2627 3878 2913 3937 crucem,

542 3942 718 4028 quod
779 3944 944 4011 illud
1007 3945 1345 4012 metallum
1407 3968 1538 4013 non
1600 3947 1953 4013 interdicat
2012 3946 2353 4023 malitiose·
2383 3956 2499 4012 aut
2542 3946 2763 4011 animo
2808 3965 2917 4008 ca-

538 4026 966 4117 lumpniandi.
1029 4032 1445 4111 Nullatenus,
1494 4037 1605 4122 qui
1656 4034 1778 4099 hoc
1815 4036 2264 4118 juramentum
2315 4034 2740 4113 recusaverit,
2799 4050 2910 4093 au·

539 4116 790 4201 diatur3
853 4120 1034 4204 pium
1097 4128 1199 4185 est
1257 4122 1432 4186 enim
1493 4124 1564 4186 in
1626 4123 1752 4187 hac
1811 4128 2015 4207 parte,
2076 4118 2478 4207 pauperibus
2538 4116 2913 4183 hominibus

537 4204 901 4291 providere,
973 4207 1086 4293 qui
1165 4209 1562 4294 quandoque
1629 4217 1856 4273 carent
1921 4205 2443 4293 fidejussoribus,
2512 4213 2579 4271 et
2644 4200 2911 4269 aliunde

537 4311 665 4353 non
713 4289 960 4357 habent
1004 4295 1132 4359 nisi
1183 4293 1264 4357 de
1310 4295 1538 4360 eodem
1589 4294 1855 4360 metallo
1902 4295 2081 4359 circa
2128 4304 2348 4382 partes
2412 4314 2567 4359 suas
2614 4298 2907 4377 sumptus
