3150 5017
516 290 785 339 m.1v.
1454 301 1540 313 -
1627 262 1760 327 430
1845 298 1932 310 —

518 441 741 509 sordes
822 440 930 506 vel
983 440 1203 525 aliquo
1262 436 1539 503 aliorum
1601 435 1936 501 modorum
2005 432 2476 521 prohibitorum
2538 455 2858 522 perperam

516 528 713 595 fuerit
754 528 1180 606 machinatus,
1242 524 1415 612 quod
1470 533 1690 588 tamen
1737 530 2048 609 appareat
2107 522 2484 587 manifeste:
2545 530 2858 607 tamquam

517 615 781 682 infamis
826 635 867 678 a
910 634 1028 680 suo
1074 612 1289 678 officio
1334 610 1720 698 deponatur,
1786 610 1854 675 in
1899 608 2136 673 nostris
2181 609 2510 675 montanis
2552 607 2864 673 universis

516 721 854 855 1¹:0⁰2}ssssss
890 695 2475 871 ᾖῗῖαἵθῗωῗὶῗὲἓἶὲῗέἓῗᾱεὲἒέἑῗέἶὲοῆἯέι
2499 693 2862 847 *ῗέωἶῗέἒῗ

520 875 697 941 tibus
739 872 1165 940 nihilominus
1230 871 1463 959 poenis
1522 880 1750 937 contra
1806 878 2320 955 transgressores
2377 878 2742 935 nostrarum
2784 866 2861 933 le·

516 984 670 1050 gum
716 970 783 1027 et
825 959 1357 1027 constitutionum
1403 960 1682 1023 statutis.

692 1052 750 1132 ξ.
796 1048 856 1114 8.
943 1045 1076 1115 Sed
1119 1054 1293 1111 certe
1337 1044 1672 1131 litigantes
1715 1050 2042 1125 tenentur,
2087 1040 2364 1129 provida
2407 1041 2868 1109 deliberatione

516 1155 818 1223 pensare,
876 1155 959 1200 ne
1016 1134 1037 1198 i
1088 1153 1195 1198 sos
1254 1132 1594 1218 contingat
1653 1130 2060 1196 frustratorie
2119 1128 2451 1217 appellare
2466 1177 2485 1214 ,
2543 1126 2868 1215 gravando

518 1242 589 1289 se
635 1223 818 1308 ipsos
862 1220 1044 1286 inani
1093 1239 1173 1285 us
1241 1217 1579 1284 laboribus
1622 1227 1689 1285 et
1733 1217 2058 1304 expensis.

691 1310 750 1391 ξ.
795 1308 854 1373 9.
942 1305 1137 1373 Unde
1198 1306 1252 1371 si
1311 1304 1596 1392 aliquem
1663 1327 1704 1370 a
1737 1303 1966 1392 judice
2013 1304 2097 1369 ob
2141 1323 2498 1390 gravamen
2545 1299 2870 1391 appellare

518 1394 943 1481 contingeret,
989 1402 1142 1458 ante
1187 1413 1543 1479 gravamen
1590 1412 1722 1458 non
1766 1413 1849 1477 ap
1899 1389 2152 1456 elletur.

690 1484 753 1564 ἓ.
802 1481 903 1549 10.
990 1479 1160 1545 Nam
1220 1478 1608 1565 regulariter
1665 1477 1859 1567 appel
1889 1479 2019 1543 atio
2077 1477 2466 1566 interposita
2524 1485 2678 1543 ante
2736 1496 2869 1561 gra-

519 1588 757 1636 vamen
802 1564 989 1632 nulla
1030 1574 1147 1649 est,
1206 1566 1361 1654 quia
1427 1563 1784 1652 appellatio
1831 1586 2087 1651 semper
2131 1563 2325 1632 debet
2363 1564 2566 1649 ⁴talem
2615 1582 2869 1628 causam

519 1652 944 1741 appellationi
990 1654 1346 1739 assignare,
1404 1650 1581 1739 quod
1647 1654 1702 1717 si
1749 1651 1916 1717 forte
1957 1649 2234 1738 probata
2279 1650 2548 1718 deberet
2589 1648 2874 1735 legitima

518 1741 845 1844 reputari3
889 1760 1300 1892 nequaffiaam
1335 1739 1461 1805 erit
1504 1761 1545 1803 a
1588 1737 1990 1826 quibuslibet
2004 1736 2440 1824 judicantium
2465 1737 2690 1802 verbis
2713 1756 2874 1801 com·

522 1827 885 1894 minatoriis
967 1848 1007 1891 a
1054 1849 1135 1915 pe
1188 1825 1466 1910 andum;
1534 1825 1696 1912 quid
1773 1826 1946 1891 enim
2007 1824 2216 1891 oberit
2287 1833 2562 1892 conatus
2615 1822 2877 1910 judicis,

519 1916 574 1980 si
617 1915 863 2002 injuria
904 1935 997 1979 nu
1051 1935 1161 1979 um
1206 1920 1513 2000 sequetur
1557 1913 1909 1979 effectum?

695 2004 754 2085 ξ.
804 2000 904 2066 11.
992 2000 1081 2067 Et
1134 2000 1281 2066 ideo
1329 1998 1414 2065 ab
1459 2000 1636 2066 omni
1680 2000 2064 2086 gravamine
2126 1997 2450 2087 appellari
2508 2018 2646 2065 non
2713 1995 2878 2079 licet,

525 2089 655 2154 nisi
701 2088 785 2153 ab
830 2108 909 2154 eo
950 2095 1225 2170 tantum,
1286 2086 1460 2173 quod
1518 2086 1592 2152 fit
1651 2087 1720 2152 in
1781 2086 2254 2174 praejudicium
2304 2087 2478 2173 juris
2511 2084 2731 2167 illius,
2775 2082 2878 2171 qui

520 2196 606 2263 ap
654 2174 845 2261 ellat3
890 2196 1011 2243 nec
1038 2174 1124 2241 ad
1167 2172 1636 2261 appellandum
1679 2176 2069 2276 quemquam
2098 2175 2356 2241 trahere
2382 2172 2576 2241 debet
2621 2192 2744 2261 pro
2789 2171 2882 2235 ria

517 2282 603 2328 vo
630 2270 842 2344 untas,
889 2260 1006 2328 sed
1049 2262 1401 2329 necessitas
1446 2258 1842 2347 litigantium
1887 2268 2282 2348 importuna,
2327 2281 2474 2325 cum
2543 2280 2720 2347 appe
2771 2256 2880 2323 ati·

517 2347 757 2415 onibus
798 2368 931 2413 non
990 2349 1077 2415 sit
1130 2348 1492 2416 remedium
1549 2346 1638 2414 ad
1698 2345 2148 2414 defensionem
2208 2345 2592 2435 iniquitatis,
2645 2344 2762 2413 sed
2805 2340 2884 2411 ad

517 2434 921 2523 praesidium
967 2435 1383 2503 innocentiae
1426 2435 1813 2519 institutum,
1881 2443 1947 2503 et
1989 2432 2159 2503 bene
2202 2432 2519 2523 puniendi
2565 2441 2726 2502 sunt
2767 2430 2880 2499 ini·

522 2541 652 2609 que
696 2531 768 2628 et
805 2520 1214 2589 frustratorie
1258 2518 1688 2609 appellantes.

687 2698 747 2779 §-
796 2693 895 2760 12.
938 2692 1046 2759 Ab
1089 2693 1190 2760 his
1233 2702 1452 2760 autem
1494 2693 1988 2780 gravaminibus
2038 2694 2328 2783 legitime
2372 2694 2611 2783 poterit
2660 2692 2876 2784 appel·

514 2780 681 2849 lari:
727 2780 783 2846 si
816 2779 1030 2867 judex
1075 2779 1356 2869 aliquem
1417 2781 1486 2846 in
1538 2780 1652 2869 jus
1708 2782 2042 2849 vocaverit
2097 2792 2394 2869 tempore
2451 2782 2715 2863 feriato,
2771 2789 2880 2847 aut

516 2865 781 2935 modum
826 2868 1213 2955 exequendo
1258 2866 1552 2951 excedat,
1615 2867 1722 2934 vel
1777 2869 2104 2956 justitiam
2169 2867 2386 2936 facere
2451 2877 2737 2951 recuset,
2807 2887 2879 2933 ac

515 2958 587 3022 in
646 2950 869 3022 multis
934 2955 1196 3022 casibus
1238 2955 1341 3022 his
1391 2952 1738 3039 similibus,
1802 2965 1995 3044 prout
2057 2956 2414 3023 necessitas
2479 2956 2876 3043 litigantium

514 3040 831 3108 edocebit.
916 3040 1168 3109 Eodem
1240 3040 1432 3108 modo
1506 3042 1632 3108 erit
1700 3063 2056 3129 gravamen
2125 3044 2512 3127 juratorum,
2578 3044 2640 3109 si
2686 3062 2874 3132 quem

514 3125 805 3195 indebite
848 3130 1287 3214 gravaverint,
1332 3128 1835 3216 appellandum3
1881 3129 1997 3196 sed
2039 3128 2170 3197 alio
2215 3130 2409 3198 modo
2451 3153 2494 3198 a
2536 3129 2878 3199 sententiis

521 3216 877 3283 ‘uratorum
920 3236 961 3280 a
1007 3214 1376 3302 pellabitur‚
1420 3223 1492 3281 ut
1534 3217 1751 3282 statim
1809 3214 2081 3283 inferius
2124 3217 2488 3305 apparebit.
2574 3216 2725 3285 Nec
2769 3215 2874 3283 de·

561 3309 675 3370 ent
717 3301 841 3367 sibi
876 3301 955 3387 ju
1003 3321 1089 3368 ex
1131 3309 1195 3367 et
1228 3302 1433 3388 jurati
1493 3323 1612 3389 pro
1670 3303 1914 3455 ianuria
1956 3313 2282 3456 rep'utare,
2326 3304 2501 3392 quod
2543 3303 2764 3371 victus
2808 3304 2874 3367 in

514 3388 960 3456 defensionem
994 3388 1165 3475 juris
1222 3390 1321 3454 sui
1380 3387 1467 3455 ad
1524 3387 1722 3475 appel
1954 3412 1986 3455 s

686 3479 746 3560 ξ.
775 3474 873 3540 13.
917 3472 961 3543 J
962 3494 1077 3541 ure
1110 3484 1324 3542 autem
1346 3483 1798 3542 montanorum
1837 3476 1962 3543 hoc
1983 3476 2176 3544 modo
2199 3500 2240 3544 a
2261 3479 2603 3546 sententiis
2619 3478 2868 3565 jurato·

518 3582 662 3629 rum
685 3559 1086 3649 appellaturt
1138 3560 1299 3628 Lata
1346 3564 1671 3631 sententia
1701 3564 1917 3630 statim
1947 3560 2081 3646 ille,
2111 3572 2338 3632 contra
2410 3586 2559 3633 uem
2585 3563 2728 3631 lata
2757 3572 2872 3645 est,

511 3655 860 3736 antequam
875 3648 962 3715 ad
977 3647 1141 3714 alios
1162 3646 1662 3736 actusssdivertat,
1679 3648 1790 3717 vel
1807 3647 2021 3717 abillo
2039 3650 2183 3718 loco
2205 3587 2488 3737 recedlat,
2505 3650 2868 3740 (appellet).

441 3815 445 3819 ¹
516 3733 913 3801 Amovemus
932 3734 1115 3802 illam
1162 3734 1716 3814 consuetudinem,
1763 3746 1835 3803 ut
1877 3746 2002 3804 stet
2043 3736 2236 3817 fixus,
2278 3760 2404 3807 nec
2445 3738 2685 3828 pedem
2753 3758 2862 3803 au·

517 3819 665 3887 deat
706 3841 1042 3908 amovere3
1127 3820 1519 3910 generaliter
1574 3831 1793 3889 autem
1852 3825 2277 3910 reprobamus
2322 3846 2579 3893 omnem
2623 3824 2864 3893 veteris

514 3906 1001 3975 consuetudinis
1042 3909 1485 3991 subtilitatem,
1528 3912 1979 3978 tantummodo
1997 3911 2298 3981 fortunae
2318 3912 2656 3981 hominum
2701 3913 2868 3977 invi·

517 3993 776 4063 dentem
834 4016 959 4063 nec
1002 3995 1250 4085 aliquid
1308 3995 1490 4063 aliud
1549 3996 2017 4066 adminiculum
2083 4001 2344 4067 veritati
2408 4000 2516 4067 vel
2580 3999 2865 4065 ’ustitiae

514 4079 910 4166 afferentem,
955 4084 1124 4150 sicut
1168 4084 1307 4150 hic:
1366 4084 1437 4150 in
1496 4105 1581 4173 ap
1630 4084 1892 4153 ellando
1949 4108 2083 4153 non
2130 4108 2390 4154 movere
2454 4108 2538 4175 pe
2587 4108 2714 4163 em,
2802 4095 2867 4154 et

512 4168 684 4237 idem
728 4170 797 4235 in
838 4170 1210 4238 testimonio
1252 4169 1556 4258 proferen
1604 4192 1677 4253 ος
1723 4194 1942 4241 nonne
2007 4173 2248 4241 sufficit
2289 4174 2418 4258 hic,
2459 4196 2545 4243 ne
2588 4172 2671 4240 de
2717 4172 2860 4239 loco

514 4257 791 4341 recedat,
805 4266 1154 4345 antequam
1168 4258 1556 4327 sententiam
1570 4269 1806 4348 arguat
1825 4259 1930 4329 vel
1946 4260 2072 4350 ipsi
2088 4262 2452 4331 consentiat
2466 4258 2812 4331 manifeste
2825 4258 2860 4327 ⁴?

1749 3390 1951 3456 ationi
2089 3391 2431 3458 eneficium
2476 3391 2872 3458 convolavit.
