3150 5017
1184 304 1617 383 ...RB-2

419 495 513 561 34.
554 490 716 561 Item
758 489 846 557 ad
879 486 1208 593 judicium
1252 488 1476 554 nullus
1519 488 1810 572 accedat,
1856 491 1985 557 nisi
2030 488 2115 559 de
2159 492 2353 561 domo
2388 486 2615 564 secun—

265 584 400 648 dum
437 586 546 664 jus
587 582 798 669 primo
840 585 1096 642 citetur.
1636 661 1641 665 .
2248 626 2255 633 .

414 669 509 734 35.
553 667 856 754 Insuper,
917 664 974 729 si
1015 661 1280 728 villicus
1344 662 1517 747 regis
1579 664 1723 739 sine
1758 662 2013 749 judicio
2080 665 2368 754 aliquem
2424 671 2612 757 impi-

262 755 626 842 gnoraverit,
669 773 792 818 rex
813 772 932 817 suo
966 768 1120 851 Jure
1163 748 1474 833 corrigat3
1521 750 1576 813 si
1622 747 1888 816 villicus
1932 756 2297 839 camerarii,
2334 778 2623 824 mucan:

266 843 382 907 auri
425 839 667 921 solvat3
715 840 772 905 si
816 837 1139 919 dommus,
1187 833 1510 901 beneficio
1553 843 1792 903 careat.

410 930 510 995 36.
555 926 866 992 Praetera
909 921 1200 989 duellum
1245 921 1422 1009 quod
1465 922 1534 987 in
1578 921 1836 1008 vulgari
1862 921 2099 991 dicitur
2140 926 2188 991 k
2202 929 2225 991 i
2240 950 2306 1017 y,
2332 950 2467 997 non
2504 930 2616 997 ha-

265 1016 438 1082 beant
477 1014 604 1079 nisi
649 1011 737 1078 ad
781 1018 1150 1077 extraneos.
1990 1026 1996 1033 ·

407 1102 503 1167 37.
547 1100 630 1165 In
672 1098 778 1164 his
823 1095 1126 1163 omnibus
1169 1094 1530 1180 excipimus
1575 1093 1929 1181 privilegia
1994 1097 2448 1185 religiosorum
2516 1104 2609 1169 vi.

261 1210 456 1253 rorum
499 1208 540 1252 a
580 1183 990 1274 principibus
1033 1183 1130 1247 eis
1173 1202 1520 1263 concessa,
1584 1189 1651 1246 et
1682 1181 1839 1267 jura
1884 1181 2265 1253 clericorum
2313 1210 2461 1254 cum
2508 1190 2617 1256 do—

261 1273 415 1340 tibus
457 1272 876 1339 ecclesiarum
895 1318 913 1352 ,
973 1269 1209 1356 quibus
1269 1274 1591 1367 reguntur
1646 1267 2006 1335 secundum
2045 1272 2159 1356 jus
2204 1277 2618 1343 canonicum.

376 1360 476 1427 Ad
497 1360 694 1445 hujus
715 1359 916 1445 igitur
937 1354 1368 1421 institutionis
1391 1354 1823 1421 imitationem
1839 1362 1907 1421 et
1930 1354 2221 1425 debitam
2252 1362 2617 1429 secundum

249 1448 405 1533 juris
445 1446 738 1513 ordinem
783 1443 1274 1509 observantiam
1319 1440 1746 1525 assurgimus,
1792 1450 1859 1507 et
1900 1464 1983 1508 ne
2028 1444 2097 1509 in
2128 1447 2223 1511 eis
2306 1470 2391 1514 uo
2425 1472 2609 1533 prae-

255 1536 472 1685 :ilcripta
511 1541 683 1614 sunt,
727 1530 990 1682 velritati
1035 1525 1560 1677 falsitagfgaggat
1604 1529 1965 1678 nmgercari,
2012 1540 2077 1681 <ff
2115 1554 2206 1683 ζα
2250 1556 2291 1599 a
2319 1536 2473 1623 ique
2514 1536 2609 1601 vi.

251 1629 864 1783 fiiffnffsszxffl'tz'
885 1635 1116 1767 ..ἓξὲξ
1129 1634 1538 1801 teissim?
1574 1634 1808 1801 3211?
1836 1632 2620 1794 3221m⁴320⁶¹¹22¹'p¹231‘251⁰123

255 1796 487 1879 giamns
529 1815 648 1880 per
689 1813 840 1859 eum
885 1792 994 1877 qui
1021 1809 1142 1853 nos
1155 1788 1414 1873 justitia
1435 1794 1502 1851 et
1524 1794 1801 1851 veritate
1830 1787 1970 1854 filio
1994 1810 2116 1856 suo
2193 1792 2383 1859 rivile
2434 1796 2616 1862 ‘avit.

256 1966 310 2030 A
349 1880 645 2032 rildotum
669 1881 739 1945 in
763 1878 1029 1943 Brenna
1073 1894 1248 1940 anno
1290 1872 1542 1959 gratiae
1586 1871 2037 1959 MOCXXIX,
2070 1877 2138 1943 X
2203 1878 2239 1944 I
2275 1880 2383 1947 Ka
2410 1884 2620 1949 endas

310 1988 350 2053 p
427 1988 505 2033 is.

389 2342 836 2436 wenceslai
885 2350 945 2437 Ι.
999 2353 1084 2437 in
1133 2377 1402 2461 regem
1457 2351 1946 2439 confirmatio
1998 2348 2453 2456 imperialis.

1299 2510 1487 2579 1231.

441 2666 522 2716 Ex
553 2664 804 2732 originali
838 2680 960 2717 cum
995 2666 1148 2719 bulla
1181 2682 1346 2719 aurea
1381 2682 1622 2736 appensa
1656 2667 1786 2718 olim
1820 2667 1961 2717 inter
1992 2665 2275 2732 privilegia
2322 2668 2473 2733 regni
2508 2666 2610 2718 Bo·

257 2731 442 2785 hemiae
469 2736 528 2785 in
559 2748 684 2787 arce
719 2734 1014 2800 Karlstein,
1051 2751 1197 2788 nunc
1227 2738 1286 2789 in
1321 2752 1367 2787 c.
1403 2754 1446 2789 r.
1481 2738 1697 2791 archivo
1732 2736 1913 2789 aulico
1952 2734 2300 2787 vindobonae
2337 2742 2607 2789 usmete

261 2802 552 2871 descriptum
589 2804 756 2857 edidit
789 2804 999 2857 Booiek
1033 2806 1092 2857 in
1127 2805 1282 2873 Dipl.
1317 2807 1392 2859 11.
1428 2808 1550 2860 212.

2058 2852 2091 2881 Ι

411 2921 481 2987 O.
525 2922 608 2987 In
652 2922 919 2991 nomine
963 2933 1231 2991 sanctae
1275 2934 1340 2991 et
1383 2924 1769 2993 individuae
1813 2923 2173 2989 Trinitatis.

409 3007 782 3075 Fridericus
823 3011 1153 3077 secundus
1198 3013 1426 3079 div-ina
1469 3013 1737 3079 favente
1781 3010 2133 3077 clementia
2168 3008 2614 3077 Romanorum

263 3091 584 3179 imperator
625 3118 888 3185 semper
929 3106 1268 3183 augustus,
1315 3098 1689 3166 Jerusalem
1733 3108 1801 3163 et
1845 3096 2115 3163 Siciliae
2158 3116 2301 3161 rex.

409 3180 568 3247 Tum
630 3182 966 3270 imperiale
1011 3184 1346 3269 fastigium
1394 3207 1514 3251 sua
1555 3187 1785 3252 rutitat
1848 3184 2202 3269 dignitate,
2262 3203 2343 3247 ac
2387 3190 2611 3270 poten·

263 3265 374 3329 tiae
413 3288 564 3334 suae
603 3280 867 3357 sceptra
911 3269 1248 3352 clarificat,
1294 3293 1443 3336 cum
1489 3269 1576 3338 ad
1619 3292 1807 3357 reges
1838 3278 1905 3335 et
1932 3268 2282 3355 principes,
2312 3289 2429 3333 suo
2460 3269 2611 3335 sub·

258 3349 444 3433 jectos
485 3356 780 3440 imperio,
825 3378 983 3422 suae
1028 3358 1247 3423 radios
1294 3357 1613 3424 claritatis
1660 3354 1967 3437 effundit,
2017 3365 2083 3420 et
2126 3355 2288 3441 ipsis
2335 3364 2612 3441 paterna

265 3456 442 3521 regna
479 3442 793 3508 munifica
836 3442 1181 3529 largitione
1225 3445 1589 3510 confirmat.
1635 3442 1815 3509 Hinc
1858 3450 1961 3508 est
2003 3442 2221 3527 igitur,
2269 3441 2446 3530 quod
2491 3462 2613 3529 per

269 3537 646 3605 praesentem
691 3530 1100 3615 augustalem
1147 3532 1459 3617 paginam
1504 3539 1734 3597 notum
1780 3548 1922 3595 esse
1967 3528 2275 3595 volumus
2309 3538 2443 3594 tam
2485 3550 2617 3593 mo-

271 3606 462 3677 dernis
501 3635 698 3701 quam
741 3618 1021 3703 posteris
1064 3618 1428 3683 universis:

417 3698 602 3780 Quod
667 3724 819 3767 cum
886 3703 1043 3768 olim
1109 3703 1374 3769 vivente
1441 3703 1687 3770 dilecto
1820 3700 2073 3787 rincipe
2148 3708 2370 3766 nostro
2439 3698 2615 3766 Oda-

273 3778 408 3846 karo
447 3783 682 3852 illustri
705 3790 1119 3871 Boemorum‚
1164 3810 1320 3875 rege
1365 3800 1633 3877 recepto
1656 3810 1695 3853 a
1722 3788 1788 3853 di
1816 3796 1957 3854 ecto
1992 3788 2288 3874 principe
2320 3794 2386 3853 et
2414 3786 2617 3855 affine

275 3877 481 3953 nostro,
521 3874 821 3941 Vatizlao
857 3877 1107 3962 juniori
1153 3898 1327 3962 rege,
1372 3877 1508 3943 filio
1553 3876 1715 3963 ejus,
1761 3875 2065 3960 homagio
2104 3875 2301 3959 juxta
2340 3894 2610 3956 morem,

279 3961 751 4028 concesserimus
797 3963 877 4046 ei,
924 3969 1082 4028 tam
1159 3986 1340 4029 uam
1385 3961 1994 4051 primogenito,
2051 3960 2133 4026 de
2172 3961 2401 4025 innata
2456 3958 2614 4026 libe·

279 4036 496 4109 ralitate
523 4056 764 4132 nostra,
809 4070 1084 4135 regnum
1167 4050 1464 4117 ohemiae
1508 4058 1660 4137 post
1681 4048 1979 4135 ejusdem
2001 4048 2206 4134 patris
2231 4048 2331 4111 sui
2364 4046 2614 4113 obitum

282 4120 350 4222 &b
384 4126 474 4195 Im
519 4135 650 4201 erio
693 4136 1161 4223 possidendum
1177 4185 1195 4220 ,
1241 4136 1654 4203 attendentes
1710 4133 1797 4199 ad
1842 4154 2155 4219 praesens
2212 4153 2368 4220 rege
2429 4153 2612 4221 prae·

284 4206 430 4304 §hoto
528 4218 820 4307 (dacaro)
865 4230 1051 4309 patre
1095 4223 1304 4309 ipsius
1349 4222 1546 4288 rebus
1591 4220 1899 4287 humanis
1942 4232 2132 4288 ex'em
2184 4228 2287 4302 to,
2335 4219 2615 4307 qualiter

285 4312 400 4441 ¹st
437 4302 579 4371 dum
622 4310 810 4392 vixit,
855 4308 1081 4391 nobis,
1147 4309 1386 4389 illustri
1454 4308 1897 4389 rugianorum
1962 4308 2103 4395 regi
2138 4240 2451 4461 &enrico
2512 4325 2613 4370 ca·

402 4402 602 4453 irecekz
626 4411 787 4457 codex.
812 4412 846 4459 1.
