3150 5017
1126 334 1602 407 -155-

360 516 413 578 1.
473 513 823 579 Civitatem
882 532 1123 578 novam
1184 514 1361 601 apud
1424 513 1675 579 Crudin
1735 514 2095 600 antiquam,
2156 514 2366 581 eidem
2412 511 2558 579 loco

213 601 597 751 ἓξΐιίιῑέιίιπθ
660 594 1033 684 contiguam
1096 609 1161 665 et
1222 602 1529 683 vicinam,
1585 598 1862 701 fundare
1915 601 2220 667 volumus
2262 610 2328 667 et
2371 622 2553 667 man·

350 811 407 870 2.
452 800 815 871 Universos
858 810 925 871 et
970 804 1265 891 singulos
1310 806 1422 891 qui
1476 828 1632 873 suas
1679 806 2132 873 contraxerint
2175 807 2558 873 mansiones

214 890 395 977 ibique
437 892 705 956 fixerint
764 890 1143 973 incolatum,
1206 901 1541 979 tamquam
1603 891 1830 959 fideles
1876 902 1940 959 et
1985 891 2254 958 devotos
2299 891 2558 957 celsitu-

216 976 350 1041 dinis
392 988 657 1043 nostrae
702 980 881 1043 cives
926 978 1053 1043 sub
1100 979 1223 1043 alis
1270 980 1476 1043 nostri
1521 978 1768 1043 favoris
1814 987 1879 1045 et
1936 980 2150 1063 gratia
2207 976 2561 1043 salubriter

214 1072 610 1148 protegentes,
659 1064 1019 1149 longaevae
1069 1064 1295 1129 usibus
1345 1065 1844 1130 consuetudinis
1891 1063 2275 1150 approbatis
2335 1072 2399 1129 et
2444 1064 2552 1129 de-

214 1171 353 1211 mum
386 1151 539 1233 jure
561 1148 967 1234 Yglawiensi
1012 1152 1235 1215 vivere
1280 1150 1717 1234 decernimus,
1765 1151 2130 1237 praesentis
2173 1158 2400 1215 tenore
2424 1152 2554 1237 pri-

216 1234 397 1319 vilegii
440 1235 713 1301 firmiter
756 1246 821 1301 et
862 1237 1235 1301 statuimus.

348 1344 403 1403 3.
448 1338 556 1403 De
617 1338 1079 1404 habundatiori
1140 1341 1338 1404 etiam
1399 1341 1615 1425 gratia
1675 1345 1742 1405 et
1805 1340 2242 1424 benegnitatis
2290 1338 2552 1404 cumulo

214 1422 447 1507 pleniori
491 1445 721 1491 omnes
762 1426 980 1511 ipsius·
1013 1427 1297 1491 civitatis
1343 1428 1523 1491 cives
1567 1426 1654 1490 ad
1705 1434 1970 1510 tempus
2017 1423 2342 1491 libertatis
2389 1424 2554 1490 sola·

213 1509 279 1573 tio
328 1510 629 1575 volumus
675 1511 1107 1597 congaudere,
1166 1512 1283 1577 illo
1344 1512 1541 1578 modo
1587 1510 1920 1593 videlicet,
1965 1520 2038 1576 ut
2081 1533 2124 1575 a
2166 1510 2336 1577 festo
2381 1510 2558 1577 beati

212 1596 511 1661 Michaelis
572 1618 782 1683 usque
841 1619 959 1683 per
1016 1597 1183 1663 duos
1244 1619 1453 1663 annos
1516 1597 1600 1663 ab
1661 1599 1843 1663 omni
1901 1617 2138 1663 census
2185 1618 2382 1663 onere
2427 1599 2560 1662 sint

220 1682 519 1762 inmunes;
582 1686 653 1747 in
715 1706 991 1769 quorum
1060 1684 1191 1749 fine
1251 1706 1575 1751 annorum
1646 1684 2012 1771 exspiranti
2075 1704 2309 1749 census
2371 1682 2560 1748 cedet

214 1768 435 1920 {ommi}
472 1768 784 1851 libertati,
868 1791 987 1857 pro
1048 1769 1263 1853 modo,
1348 1793 1478 1857 quo
1550 1792 1696 1837 eam
1759 1770 2060 1836 civitates
2119 1770 2333 1837 solent
2392 1769 2561 1836 aliae

232 1872 391 1919 scien
439 1878 497 1922 a.
1450 1888 1455 1893 ·

348 1965 406 2024 4.
450 1960 724 2025 Eisdem
792 1960 990 2025 etiam
1051 1959 1327 2043 civibus,
1392 1961 1507 2047 qui
1551 1960 1797 2025 dictam
1842 1957 2285 2024 habitaverint
2329 1961 2554 2025 civita·

212 2052 329 2125 tem,
372 2055 637 2111 centum
700 2045 1007 2111 duximus
1052 2044 1281 2113 laneos
1325 2044 1804 2128 concedendos,
1864 2067 1982 2131 pro
2030 2044 2269 2131 quibus
2313 2043 2560 2111 hiidem

213 2131 357 2195 cives
412 2132 592 2197 mille
658 2154 913 2197 marcas
980 2136 1235 2217 argenti
1280 2135 1476 2197 certis
1520 2140 1586 2198 et
1631 2133 1957 2198 distinctis
2002 2131 2409 2211 temporibus
2453 2152 2556 2197 ca-

212 2238 391 2283 merae
434 2228 701 2284 nostrae
726 2217 1000 2294 solvent,
1046 2218 1374 2301 videlicet,
1420 2218 1599 2305 quod
1621 2219 1814 2283 modo
1851 2219 2069 2283 statim
2116 2218 2253 2281 XX
2299 2239 2556 2283 marcas

214 2302 443 2386 dabunt,
488 2307 561 2369 in
605 2304 773 2369 festo
797 2306 1065 2370 Martini
1112 2307 1320 2391 primo
1366 2306 1584 2371 futuro
1614 2305 1951 2387 CLXXX,
1996 2306 2068 2369 in
2085 2303 2330 2389 pascha
2357 2303 2554 2386 000,

211 2388 263 2452 in
300 2390 455 2455 festo
498 2390 544 2455 J
546 2392 823 2457 ohannis
868 2391 1382 2478 quadringentas
1426 2398 1649 2458 nostro
1697 2392 1948 2457 aerario
1996 2389 2448 2477 applicabunt.

352 2500 405 2559 5.
449 2494 539 2558 Et
585 2516 785 2581 quum
829 2496 1068 2561 rationi
1114 2504 1435 2559 consonat
1478 2504 1544 2560 et
1588 2497 1892 2580 congruit
1936 2494 2275 2581 aequitati,
2335 2502 2408 2559 ut
2452 2494 2546 2557 di-

211 2579 330 2661 gnis
410 2583 813 2647 raemientur
847 2581 1191 2667 stipendiis
1239 2581 1614 2647 laborantes
1674 2592 1738 2647 et
1783 2583 2070 2646 maxime
2135 2582 2250 2667 qui
2308 2581 2558 2668 fuerint

212 2684 347 2747 agen
397 2669 410 2682 '
489 2666 825 2751 regalibus
870 2668 1142 2745 onerati,
1192 2689 1340 2732 cum
1388 2668 1742 2733 Conradus
1787 2668 2046 2754 pondus
2108 2668 2319 2752 ipsius
2380 2667 2551 2732 ordi·

212 2754 459 2821 nationis
503 2755 789 2819 civitatis
848 2762 915 2819 et
979 2763 1189 2819 status
1234 2755 1598 2842 susceperit
1643 2756 1779 2819 suis
1826 2754 2117 2818 humeris
2160 2752 2284 2819 hoc
2329 2774 2556 2837 geren·

214 2834 375 2920 dum,
434 2848 503 2903 ut
574 2841 943 2925 injunctum
1010 2840 1139 2905 sibi
1208 2862 1377 2905 onus
1443 2840 1744 2906 alleviari
1812 2842 2096 2906 sentiat:
2164 2860 2252 2903 ex
2310 2838 2560 2904 honore

211 2922 392 3006 ipsum
430 2929 501 2991 in
549 2926 887 3012 praedicta
928 2948 1105 2992 nova
1148 2929 1416 2993 civitate
1460 2927 1806 2992 statuimus
1851 2926 2140 3012 judicem
2168 2933 2557 3012 perpetuum

211 3029 241 3069 a
277 3012 604 3093 praesenti,
652 3012 819 3077 duos
864 3015 1060 3077 etiam
1105 3012 1333 3079 laneos
1378 3014 1549 3078 inter
1593 3013 1744 3079 illos
1791 3012 1846 3079 0
1891 3012 2159 3076 minime
2203 3031 2552 3075 numeran-

212 3092 323 3176 dos,
372 3120 569 3163 unam
630 3098 898 3166 archam
958 3100 1027 3164 in
1086 3100 1231 3185 ipsa
1290 3099 1572 3182 civitate,
1641 3121 1850 3165 unum
1894 3097 2227 3179 balneum,
2275 3095 2556 3161 macella

212 3179 335 3263 duo,
372 3177 533 3249 duas
578 3207 841 3251 mensas
886 3187 1075 3271 panis
1120 3185 1333 3252 eidem
1382 3185 1689 3251 Conrado
1736 3194 1802 3252 et
1844 3183 2195 3249 heredibus
2263 3183 2400 3247 suis
2445 3182 2552 3247 de-

211 3264 405 3346 dimus,
448 3280 513 3335 et
558 3274 1000 3337 concessimus
1049 3272 1133 3338 de
1176 3274 1391 3357 gratia
1434 3272 1708 3359 speciali
1775 3280 1848 3336 ut
1909 3274 2050 3357 ipse
2093 3268 2444 3335 Conradus
2490 3277 2560 3333 et

213 3350 449 3421 heredes
494 3359 597 3421 sui
644 3368 913 3425 teneant
957 3368 1025 3423 et
1064 3361 1452 3445 possideant
1508 3358 1690 3423 dicta
1745 3357 1920 3423 bona
1981 3357 2190 3421 libere
2233 3364 2298 3420 et
2341 3356 2574 3441 quiete·

210 3446 261 3502 et
296 3442 370 3505 sit
408 3446 498 3509 eis
544 3444 789 3509 licitum
834 3455 901 3511 et
943 3444 1222 3511 facultas
1266 3446 1495 3526 libera,
1541 3467 1734 3531 posse
1782 3444 1960 3511 dicta
2004 3444 2178 3509 bona
2241 3441 2570 3517 vendere,-

213 3524 441 3610 donare,
485 3530 797 3613 alienare,
842 3554 921 3597 ac
965 3532 1049 3597 de
1092 3534 1255 3618 ipsis
1298 3532 1607 3598 omnibus
1654 3532 1890 3614 facere,
1959 3529 2288 3619 quidquid
2332 3550 2558 3595 eorum

211 3610 497 3693 placuerit
536 3618 885 3683 voluntati.
2045 3670 2050 3675 .

356 3708 413 3767 6.
456 3704 544 3767 Et
600 3706 757 3789 quia
814 3726 973 3786 nos,
1031 3707 1145 3791 qui
1218 3705 1495 3771 aliorum
1550 3705 1704 3789 jura
1763 3703 1996 3768 illaesa
2057 3711 2124 3767 et
2168 3703 2559 3767 intemerata

216 3790 430 3851 servari
475 3790 797 3873 volumus,
842 3812 976 3857 non
1022 3791 1213 3856 decet
1254 3792 1397 3857 fisci
1442 3790 1650 3856 nostri
1695 3789 2088 3875 compendia
2131 3788 2256 3853 sub
2303 3786 2560 3852 silentio

212 3876 547 3951 praeterire,
606 3876 783 3962 quod
848 3876 1049 3942 nobis
1109 3876 1432 3963 placuerit
1491 3877 1734 3963 eligere
1779 3878 1952 3941 inter
1993 3875 2126 3940 alia
2169 3873 2566 3947 molendina,

213 3952 425 4023 habere
480 3984 680 4027 unum
734 3963 1041 4028 volumus
1102 3964 1577 4047 molendinum,
1643 3964 1878 4031 ceteris
1921 3961 2071 4029 aliis
2117 3983 2389 4029 censum
2433 3958 2558 4027 sol-

122 4064 130 4073 ·
213 4045 485 4113 ventibus
526 4050 973 4116 constitutum.
