3150 5017
1228 310 1551 376 --²253
1639 347 1724 358 ,-

282 506 333 548 a
368 481 559 570 'parte
602 481 831 548 n‘ostra
866 481 1099 551 versus
1132 482 1756 548 Moraviamnestro
1789 479 1992 546 littori
2018 480 2283 568 adjacet
2323 480 2407 546 de
2447 477 2666 545 terrae

290 573 499 655 spatio
546 569 1009 658 qualicunque,
1070 569 1140 633 id
1186 569 1273 634 ad
1316 571 1770 656 episcopatum
1832 577 2128 633 nostrum
2175 576 2241 634 et
2285 590 2417 632 non
2465 567 2671 634 duca·-

288 665 429 730 tum
469 655 780 732 similiter
810 655 1195 742 pertinebit.
1404 665 1411 672 ·
2019 670 2026 680 ·
2429 688 2436 698 «

462 767 643 856 (ΙΠ.)
689 767 779 832 Et
824 769 878 832 si
921 770 1065 855 ipse
1108 768 1353 834 fluvius
1401 767 1712 834 Ostravia
1773 769 1841 834 in
1889 777 2226 856 posterum
2272 756 2492 832 littora
2537 785 2674 829 mo·-

294 854 499 920 derna
539 858 791 941 ruperit
850 864 915 919 et
976 855 1207 919 relicto
1284 857 1618 940 praesenti
1701 867 1922 920 meatu
2007 878 2123 941 per
2184 853 2386 920 alium
2444 851 2666 916 locum

288 963 551 1007 cursum
596 943 945 1018 invenerit,
991 963 1206 1026 agros,
1254 952 1447 1027 prata
1494 941 1598 1006 vel
1623 941 1894 1008 arbusta
1917 965 2032 1007 seu
2079 962 2351 1006 nemora
2397 962 2436 1004 a
2483 946 2670 1024 parte

283 1028 598 1093 Poloniae
658 1026 767 1094 vel
842 1028 1183 1093 Moraviae
1259 1027 1611 1092 avellendo
1687 1039 1800 1094 aut
1862 1027 2360 1117 quomodolibet
2417 1025 2669 1090 rescin-

285 1115 526 1198 dend0,
589 1114 767 1201 quod
828 1135 1088 1200 semper
1132 1136 1264 1180 non
1313 1113 1399 1182 ad
1442 1114 1692 1180 flexum
1737 1117 1900 1200 ejus,
1963 1116 2080 1182 sed
2127 1114 2210 1179 ad
2257 1111 2666 1177 cumulorum

278 1211 355 1266 et
394 1211 719 1266 metarum
760 1199 1177 1286 ‘hujusmodi2
1214 1201 1607 1286 positio-nem
1651 1204 2082 1268 terminorum
2143 1201 2484 1265 distinctio
2550 1196 2659 1261 de-

282 1297 565 1361 notetur,
626 1309 749 1352 nec
808 1297 1079 1374 propter
1140 1288 1265 1352 hoc
1327 1289 1688 1372 possessori
1749 1290 2188 1376 possessionis
2249 1284 2666 1359 commodum

291 1377 718 1440 ammittatur.
1333 1420 1354 1444 ,,
1619 1429 1622 1432 ,

462 1460 638 1550 (IV.)
684 1459 993 1526 Ceterum
1038 1459 1207 1525 illud
1253 1463 1603 1547 exceptum
1663 1471 1764 1527 est
1809 1462 2244 1527 communiter
2290 1466 2354 1523 et
2399 1477 2666 1543 expres-

280 1569 451 1630 sum,
511 1548 673 1628 *uod
732 1548 802 1615 in
864 1544 1265 1618 Grabowet
1298 1549 1393 1623 ¹in
1452 1547 1739 1618 Paskow
1799 1559 1878 1618 et.
1923 1549 2063 1617 illic
2124 1547 2374 1632 ubique
2429 1552 2670 1626 contra
2775 1603 2782 1608 .

278 1633 464 1706 bona
590 1635 883 1714 „rutonis,
943 1636 1101 1718 quia
1144 1657 1231 1701 ex
1276 1643 1459 1720 parte
1504 1625 1722 1701 altera
1775 1636 1962 1702 fluvii
2025 1635 2376 1702 Ostraviae
2437 1651 2668 1696 versus

279 1721 629 1786 Poloniam
679 1719 947 1806 qnidam
995 1721 1135 1806 agri
1184 1724 1604 1806 episcopatus
1650 1725 1857 1788 nostri
1895 1724 2124 1810 jacent
2168 1730 2232 1785 et
2271 1717 2503 1798 silvae,
2555 1717 2670 1801 qui

281 1807 617 1894 quondam
664 1807 943 1890 abnista,
1011 1817 1149 1872 arte
1194 1807 1532 1888 Moraviae
1571 1809 1909 1894 jacebant,
1971 1829 2120 1881 cum
2167 1803 2668 1872 dictusfluvius

324 1893 435 1960 lus
495 1893 819 1960 accedens
876 1886 969 1958 Po
1001 1895 1190 1978 oniae
1240 1891 1644 1962 ‘decurrebat
1722 1896 1926 1982 priori
1984 1904 2209 1975 meatu
2267 1901 2332 1958 et
2393 1890 2539 1956 loco
2587 1910 2667 1973 ac

328 1982 495 2046 ‘ctos
541 2002 735 2066 agros
782 1988 847 2044 et
892 1978 1096 2046 silvas
1143 2003 1183 2044 a
1227 1989 1412 2066 parte
1474 1980 1714 2048 littoris
1776 2005 2008 2048 versus
2054 1980 2421 2046 Moraviam
2468 1975 2666 2042 relin-

278 2067 983 2154 qnebatz-quodudieti
1028 2069 1173 2152 agri
1213 2076 1283 2134 et
1327 2067 1497 2133 silva
1520 2070 1930 2156 episcopatui
1971 2077 2194 2134 nostro
2241 2064 2414 2130 salvi
2454 2083 2664 2129 rema·

275 2163 507 2236 neant,
568 2155 738 2218 sicut
783 2161 847 2218 et
891 2177 1073 2219 nunc
1136 2153 1558 2239 possidentur
1627 2178 1666 2220 a
1711 2156 1902 2222 nobis
1963 2165 2030 2222 et
2072 2153 2362 2241 possessi
2424 2157 2580 2214 sunt
2625 2169 2664 2212 a

324 2239 1176 2309 raedecessoribusnostris
1214 2242 1531 2308 -azmultis
1576 2243 1984 2328 temporibus
2027 2240 2391 2306 retroactis.
2435 2237 2528 2301 Et
2571 2234 2666 2300 ibi

302 2329 446 2396 foti
491 2327 751 2396 cumuli.
797 2329 939 2394 ‚sive
970 2383 975 2392 .
1002 2335 1259 2414 strages
1321 2351 1454 2394 non
1520 2350 1638 2414 per
1697 2330 2018 2400 moderna
2079 2327 2302 2403 littora
2364 2321 2664 2410 ejusdem

276 2414 693 2484 fluviilnunc
737 2417 1081 2491 currentis,
1128 2416 1245 2480 sed
1304 2437 1423 2503 per
1465 2424 1710 2482 terram
1763 2417 1962 2504 juxta
2020 2415 2186 2480 fines
2245 2432 2554 2497 agrorum
2599 2416 2666 2473 et

276 2501 601 2570 silvarum·
648 2501 971 2568 dictarum
1016 2503 1104 2566 ad
1148 2523 1271 2574 nos
1316 2505 1782 2590 spectantium,
1825 2505 1944 2570 ubi
1987 2501 2190 2569 etiam
2235 2497 2454 2565 adhuc
2498 2496 2664 2560 anti·

278 2610 421 2674 qua
464 2595 793 2675 apparent
832 2586 1073 2670 littora,
1131 2590 1367 2654 iterum
1427 2611 1640 2677 usque
1685 2593 1754 2656 in
1803 2590 2151 2665 decursum
2219 2585 2427 2665 fluvii,
2455 2636 2463 2644 .
2490 2582 2666 2669 agris

277 2675 643 2762 praedictis
688 2682 762 2740 et
798 2673 971 2740 silva
1014 2675 1310 2758 inclusis,
1355 2677 1577 2742 taliter
1623 2686 2108 2744 construentur.

270 2817 299 2829 ,,
459 2760 596 2850 (V).
642 2759 1116 2828 Consensimus
1162 2762 1361 2828 etiam
1407 2763 1792 2831 ordinantes
1839 2773 1903 2831 et
1945 2764 2256 2848 utrinque
2300 2755 2668 2842 aequaliter

274 2855 725 2934 acceptantes,
781 2858 882 2914 uts
904 2851 1061 2935 ripa
1092 2851 1259 2916 ..sive
1321 2849 1477 2915 litus
1539 2852 1700 2917 dicti
1759 2852 1947 2917 fluvii
1993 2873 2036 2914 a
2077 2856 2262 2934 parte
2322 2841 2664 2908 Mor-aviae

272 2937 461 3004 inter·
497 2935 671 3004 bona
728 2935 1133 3022 episcopalia
1175 2946 1253 3001 =et
1301 2937 1563 3002 ducalis.
1629 2961 1890 3024 semper
1953 2948 2018 3002 et
2045 2963 2052 2971 ·
2079 2934 2322 3019 ubique
2375 2929 2478 2992 'ad
2535 2948 2661 2992 nos

274 3023 624 3176 {ert-ineat,
670 3030 735 3088 et
778 3021 911 3094 alia
952 3023 1113 3108 ripa.
1144 3025 1285 3088 sive
1330 3023 1487 3089 litus
1534 3043 1767 3090 versus
1811 3026 2151 3091 Poloniam
2199 3017 2526 3105 pertineat
2569 3014 2658 3078 ad

332 3117 623 3176 ucatum.
796 3157 803 3164 ,
1068 3143 1091 3164 ··
1130 3162 1141 3173 .
1260 3167 1266 3172 .
1813 3153 1820 3161 -
2195 3135 2199 3142 ·

456 3195 629 3280 (VI.)
668 3195 761 3264 Et
804 3217 965 3264 usus·
1004 3184 1208 3284 fluivii
1236 3206 1303 3261 et
1344 3199 1744 3283 piscationes
1788 3199 2040 3284 absque
2083 3198 2340 3262 alterna
2383 3186 2660 3273 impedi.-

276 3283 463 3349 tione
522 3280 817 3368 qualibet
850 3283 1010 3364 ,sint
1066 3303 1481 3370 communes,
1542 3284 2107 3370 qualitercumque
2168 3285 2422 3354 meatus
2481 3274 2670 3339 fluvtii

278 3370 716 3459 tariotarum
757 3376 997 3454 metae:
1016 3391 1149 3454 per·
1181 3392 1468 3455 aggeres!
1502 3373 1654 3436 sint.
1681 3371 2049 3448 distinctae.
2293 3441 2298 3446 ⁸
2527 3391 2534 3400 ·
2617 3391 2646 3413 ··

280 3487 357 3522 as·
420 3455 1025 3545 :-1Jtau.tem.31aoo
1056 3455 1397 3522 {ordinatio
1445 3467 1511 3523 et
1563 3461 2056 3546 compositio-et
2097 3462 2670 3532 terminorum-'di-

278 3541 545 3607 stinctio
591 3543 765 3606 inter
825 3563 945 3606 nos
1008 3551 1074 3606 et
1136 3541 1371 3609 ducem
1446 3545 1856 3631 praedictum
1920 3556 1985 3612 et
2045 3569 2457 3634 successores
2521 3553 2667 3635 eJus

278 3637 601 3716 perpetuo
645 3635 1039 3715 perseveret,
1085 3629 1297 3715 ipsam
1346 3641 1569 3696 nostro
1631 3641 1696 3698 et
1741 3633 2012 3721 capituli
2057 3635 2266 3701 nostri
2311 3639 2550 3726 sigillis
2595 3639 2664 3702 in

280 3716 545 3800 signum
591 3715 1407 3802 consensusprovidimus
1431 3718 1916 3786 roborandam.
2269 3759 2274 3764 ·

408 3831 696 3930 ”Testes
728 3836 927 3924 etiam
972 3831 1171 3920 liujus
1224 3839 1328 3904 ¹rei
1388 3848 1538 3924 sunt
1585 3841 1826 3922 domini
1875 3831 2386 3916 Olomucensesz
2432 3845 2658 3911 Fride-

280 3919 461 3999 ricus
504 3921 1015 4002 archidiaconus.
1069 3922 1551 4003 olomucensis,
1615 3931 1948 4014 magister·
1986 3930 2382 4000 Ambrosius
2441 3933 2654 3998 archi-

280 4008 599 4074 diaconus
644 4007 1097 4074 Preroviensis
1157 4020 1223 4076 et
1286 4012 1594 4080 Andreas
1672 4019 1970 4082 canonici
2039 4017 2535 4103 Olomucenses‚
2600 4028 2666 4084 et

282 4093 523 4160 milites
568 4093 773 4159 nostri
834 4096 1166 4162 Borsutha
1227 4097 1308 4163 de
1370 4099 1594 4182 Ceniz,
1643 4101 1990 4188 Nyc'olaus
2038 4103 2118 4169 de
2164 4105 2393 4191 Kelcz‚
2441 4108 2664 4193 Lupus

282 4181 365 4272 de
406 4179 713 4259 Nascedl²
758 4181 1327 4268 Hermannu'sjde
1390 4185 1837 4274 Lobensteyn‚
1899 4189 2182 4258 Sifridus
2246 4192 2328 4258 de
2386 4189 2662 4280 Engels·

280 4289 455 4356 perc,
502 4267 844 4344 Grotfridus
906 4269 987 4344 de
1048 4269 1491 4359 Gebynstete‚
1556 4283 1624 4340 et
1681 4275 1910 4342 fideles
1971 4279 2177 4344 nostri
2240 4282 2512 4348 comites
2580 4279 2662 4348 de
