3150 5017
1463 292 1939 359 ...284-

511 468 670 533 dare
715 486 978 552 operam
1027 466 1383 547 efficacem,
1431 473 1506 530 ut
1546 466 1701 532 lites
1744 466 1943 531 finem
1988 463 2282 533 debitum
2322 464 2701 543 sortientur,
2744 482 2885 547 par-

508 555 724 619 cendo
769 555 840 617 in
885 555 1010 618 hac
1051 563 1238 640 parte
1282 553 1690 639 litigatorum
1736 551 2081 619 laboribus
2104 560 2171 618 et
2195 552 2527 637 expensis.
2576 553 2637 631 §-
2668 549 2769 613 13.
2812 546 2878 612 Si

508 652 728 707 autem
774 641 954 728 ipsos
999 662 1086 705 ex
1129 642 1522 707 necessitate
1568 650 1635 706 et
1678 660 1883 705 causa
1924 637 2310 708 rationabili
2368 657 2503 730 non
2564 634 2885 701 immerito

509 726 814 793 dubitare
873 728 1243 814 contigerit,
1305 741 1393 793 ex
1457 737 1621 794 tunc
1680 728 2003 793 sententia
2062 744 2387 812 suspensa
2448 723 2538 789 ad
2604 721 2883 790 manile-

507 818 735 901 quium
797 817 1016 881 statim
1075 818 1144 879 in
1203 814 1418 901 figura
1477 815 1778 901 ejusdem
1816 813 2056 903 judicii
2102 815 2171 878 in
2218 812 2593 906 praesentia
2632 808 2881 885 ibidem

505 904 796 967 omnium
834 903 1228 987 juratorum,
1275 910 1431 968 ante
1479 924 1633 968 uam
1679 911 1929 969 motum
1978 922 2165 967 suum
2213 899 2299 968 ad
2344 896 2509 964 alios
2554 905 2745 963 actus
2788 894 2883 959 di-

505 997 788 1065 vertant,
851 988 1142 1054 districte
1203 988 1286 1054 de
1346 1010 1463 1055 ver
1513 1010 1552 1054 o
1615 989 1701 1054 ad
1758 988 2035 1055 verbum
2100 1009 2221 1075 per
2265 986 2594 1051 notarium
2630 982 2881 1070 judicis

507 1075 1031 1158 conscribantur,
1090 1097 1176 1140 ne
1235 1075 1593 1142 obscurare
1660 1078 1871 1164 possit
1929 1074 2178 1143 oblivio
2237 1074 2603 1152 veritatem,
2630 1084 2633 1087 ’
2662 1079 2729 1136 et
2792 1070 2887 1135 sic

507 1162 740 1229 eadem
809 1162 1066 1247 legatur
1135 1164 1459 1228 sententia
1520 1165 1761 1249 juratis
1806 1186 1846 1228 a
1890 1162 2292 1249 maniloquio
2356 1159 2705 1225 universis.
2796 1154 2883 1221 Et

506 1251 834 1317 sententia
893 1251 990 1314 sic
1050 1252 1297 1337 scripta
1349 1249 1700 1336 diligenter
1757 1252 1827 1315 in
1885 1248 2117 1315 tabula
2180 1247 2337 1313 dicti
2382 1245 2622 1313 notarii
2667 1264 2881 1335 reser-

505 1345 717 1419 vetur,
763 1358 848 1403 ne
892 1336 1115 1424 aliqua
1161 1336 1502 1419 dubitatio,
1565 1338 1736 1402 sicut
1778 1336 2029 1423 pluries
2073 1335 2333 1417 accidit,
2394 1356 2481 1399 ex
2524 1355 2601 1399 eo
2644 1334 2718 1398 in
2762 1352 2875 1418 po-

507 1433 752 1490 sterum
801 1424 1064 1489 oriatur.
1155 1423 1225 1489 Si
1272 1444 1428 1489 vero
1475 1426 1865 1490 sententiam
1911 1426 2007 1489 sic
2052 1444 2439 1509 suspensam
2488 1420 2699 1508 jurati
2760 1440 2877 1483 ne·-

509 1511 796 1578 cessario
843 1510 1158 1577 deficiunt
1203 1508 1559 1594 declarare,
1605 1520 1765 1576 tunc
1808 1512 1977 1577 sicut
2015 1512 2157 1595 J‘am
2202 1510 2447 1575 dictum
2475 1518 2593 1590 est,
2640 1504 2727 1571 ad
2756 1528 2879 1570 no·

507 1608 711 1664 stram
756 1608 872 1663 aut
917 1599 1258 1663 camerarii
1297 1600 1505 1663 nostri
1526 1599 1965 1685 praesentiam
2036 1603 2394 1682 rorogetur.
2440 1598 2498 1677 ἓ.
2528 1596 2630 1659 14.
2678 1594 2877 1680 Spec-

505 1694 606 1751 tat
646 1687 916 1771 insuper
973 1684 1061 1749 ad
1119 1684 1406 1751 offieium
1458 1686 1850 1772 juratorum,
1910 1706 1991 1749 ur
2038 1686 2401 1749 urai-iorum
2448 1690 2515 1747 et
2547 1679 2879 1767 judicum,

511 1794 660 1837 cum
708 1774 885 1836 omni
931 1773 1192 1859 pietate,
1253 1793 1421 1858 quae
1481 1780 1691 1838 mater
1735 1782 1835 1838 est
1877 1773 2036 1837 boni
2079 1772 2313 1856 operis,
2352 1790 2699 1857 pauperes
2762 1767 2881 1834 de*

508 1859 769 1924 sensare
815 1857 899 1924 ab
944 1858 1299 1924 insultibus
1331 1859 1799 1945 super-borum3
1846 1859 2139 1947 alioquin
2184 1859 2255 1923 in
2300 1856 2730 1943 obprobrium
2770 1857 2883 1941 ju·

509 1947 725 2012 stitiae
771 1967 849 2010 ac
891 1947 1185 2033 ipsorum
1233 1947 1374 2011 sine
1417 1945 1869 2012 misericordia
1890 1947 2302 2033 frequentius
2325 1946 2880 2031 opprimerentur,

510 2042 577 2100 et
634 2054 756 2097 nos
816 2055 902 2097 ex
959 2054 1037 2098 eo
1096 2034 1391 2119 regimen
1453 2054 1679 2099 eorum
1740 2035 2147 2099 correctione
2204 2031 2538 2117 condigna
2594 2050 2883 2115 arguere

509 2119 1076 2205 compelleremur.
1124 2125 1184 2203 ξ.
1215 2121 1313 2186 15.
1337 2121 1504 2185 Item
1551 2141 1783 2185 curare
1806 2119 2052 2186 debent
2072 2119 2411 2207 praedicti,
2428 2127 2501 2183 ut
2520 2118 2601 2183 de
2618 2119 2881 2183 victua·

508 2205 684 2272 libus
729 2215 794 2273 et
835 2206 985 2272 aliis
1029 2206 1228 2272 rebus
1253 2206 1558 2272 omnibus
1603 2208 1689 2272 ad
1734 2217 2023 2273 montem
2067 2207 2453 2277 necessariis
2488 2209 2745 2291 justum
2798 2207 2885 2269 sit

505 2296 793 2381 pretium
842 2304 908 2359 et
951 2315 1278 2370 mensura,
1325 2296 1419 2360 ita
1463 2304 1538 2360 ut
1581 2304 1852 2383 propter·
1888 2294 2177 2361 debitam
2222 2292 2709 2365 ordinationem
2752 2290 2885 2357 sub

509 2381 830 2466 regimine
886 2382 1181 2468 ipsorum
1241 2401 1508 2447 manere
1566 2381 1857 2468 populus
1900 2383 2131 2447 merito
2178 2379 2557 2446 delectetur.
2644 2382 2705 2461 ξ.
2772 2380 2886 2444 16.

507 2467 776 2533 Debent
819 2468 1017 2533 etiam
1063 2488 1294 2533 curare
1339 2467 1422 2534 de
1465 2469 1807 2550 aedificiis,
1867 2490 1953 2533 ne
2012 2467 2171 2555 quid
2215 2467 2333 2533 fiat
2374 2469 2444 2533 in
2488 2468 2615 2537 viis
2662 2465 2883 2554 publi-

511 2556 626 2633 cis,
689 2565 1152 2705 praete‘rquam
1220 2554 1307 2620 ad
1373 2554 1723 2622 utilitatem
1793 2556 2129 2639 montium,
2188 2576 2323 2641 quo
2378 2554 2679 2625 homines
2726 2574 2883 2618 cum

509 2642 686 2705 curri
737 2662 833 2722 us,
879 2664 1082 2728 eques
1126 2642 1234 2707 vel
1278 2641 1480 2728 pedes
1525 2644 1717 2729 pejus
1763 2642 2032 2708 valeant
2136 2643 2507 2717 entransirffl
2566 2651 2637 2705 et
2698 2640 2887 2728 quod

509 2727 822 2793 decenter
863 2727 1163 2793 aedificia
1186 2731 1589 2795 ordinentur.
1637 2734 1697 2812 §-
1720 2731 1820 2795 17.
1867 2730 2009 2795 Nec
2051 2728 2217 2794 ilud
2262 2736 2676 2815 pertranseat
2718 2728 2887 2792 otio·

509 2837 675 2897 sum,
721 2824 1044 2901 quatenus
1089 2824 1324 2881 exacta
1367 2816 1711 2902 diligentia
1754 2825 2021 2903 propter
2080 2818 2400 2881 montium
2448 2823 2687 2881 statum
2738 2835 2887 2898 per·

506 2901 749 2967 fectum
797 2911 866 2969 et
909 2904 1008 2966 sui
1053 2902 1297 2968 famam
1343 2901 1849 2969 laudabiliorem
1896 2911 2191 2968 statuant
2247 2900 2461 2987 rigide
2519 2910 2587 2967 et
2646 2922 2886 2988 procu·

506 2998 673 3071 rent,
721 2988 1052 3076 prohibita
1095 2999 1159 3054 et
1203 2989 1431 3055 illicita
1477 2992 1619 3055 sine
1664 2991 2051 3077 exceptione
2155 2988 2405 3055 ualibet
2451 3009 2888 3075 personarum

509 3074 656 3162 (ubi
701 3076 885 3141 nulla
931 3075 1158 3141 subest
1199 3076 1589 3163 necessitas)
1636 3076 2050 3142 uniformiter
2103 3098 2142 3141 a
2190 3115 2201 3123 «
2249 3074 2557 3141 omnibus
2600 3075 2887 3141 homini-

506 3162 634 3227 bus
693 3164 947 3245 evitari,
1007 3162 1353 3229 referendo
1415 3184 1484 3231 se
1565 3163 1652 3227 ad
1695 3164 2013 3229 bonarum
2060 3162 2600 3229 consuetudinem
2648 3164 2891 3227 civita-

507 3258 669 3315 tum.
757 3250 927 3315 Nam
991 3256 1203 3315 omnis
1265 3250 1463 3316 decor
1521 3252 1844 3337 quusque
1910 3252 2200 3315 civitatis
2258 3250 2613 3337 praecipue
2660 3250 2735 3313 in
2781 3248 2889 3315 his

503 3336 718 3402 tribus
765 3339 1084 3420 consistit,
1129 3346 1205 3403 ut
1245 3339 1333 3403 sit
1377 3338 1719 3425 populosa,
1766 3336 2089 3403 aedificiis
2135 3337 2465 3419 decorata,
2510 3335 2887 3403 foederum-

509 3444 636 3509 que
700 3425 1142 3491 tenacissima.
1250 3424 1383 3490 Sed
1479 3446 1630 3489 cum
1700 3446 1887 3491 mons
1955 3426 2025 3488 in
2092 3422 2369 3501 Chutna
2425 3445 2585 3510 prae
2646 3425 2889 3490 ceteris

507 3510 842 3575 montibus
887 3510 1302 3596 argentifodii
1350 3520 1621 3599 propter
1666 3513 1769 3576 sui
1815 3509 2277 3577 excellentiam
2324 3512 2394 3575 in
2440 3509 2667 3575 multis
2691 3533 2887 3599 prae-

505 3600 808 3683 rogativa
897 3598 1139 3663 audeat
1182 3599 1549 3681 civitatum,
1595 3598 1902 3663 volumus
1940 3599 2196 3684 juratos
2254 3596 2504 3663 ibidem
2550 3619 2703 3663 esse
2744 3598 2891 3687 plu:-

501 3684 745 3749 rimum
792 3683 1109 3750 solicitos
1156 3694 1222 3750 et
1267 3686 1555 3751 intentos
1602 3685 1687 3751 ad
1733 3693 2160 3771 augmentum
2205 3683 2433 3771 populi
2480 3692 2547 3751 et
2592 3683 2681 3751 ad
2704 3686 2889 3751 aedi·

503 3771 804 3837 ficiorum
867 3772 1189 3854 decorem,
1253 3770 1367 3837 sed
1427 3770 1512 3837 ad
1571 3772 1698 3837 hoc
1755 3774 2110 3859 potissime,
2172 3780 2253 3837 ut
2304 3780 2549 3837 statuta
2590 3774 2893 3857 ipsorum

505 3859 650 3924 sine
695 3880 812 3943 spe
858 3857 1138 3944 alicujus
1182 3861 1416 3924 veniae
1460 3861 1880 3925 tenacissime
1926 3858 2380 3925 observentur.
2426 3858 2666 3924 Latum
2708 3862 2893 3924 enim

504 3944 752 4033 pandet
797 3944 1332 4031 delinquentibus
1377 3948 1616 4027 sinum,
1664 3947 1776 4032 qui
1802 3955 2041 4012 'errata
2072 3968 2207 4011 non
2246 3948 2531 4032 corrigit,
2580 3954 2655 4011 ut
2688 3951 2895 4027 Juxta

503 4034 858 4097 canonicas
924 4034 1300 4098 sanctiones
1360 4033 1687 4119 quaedam
1748 4044 1905 4099 sunt
1949 4032 2207 4119 culpae,
2274 4034 2345 4098 in
2392 4032 2633 4121 quibus
2680 4032 2887 4119 culpa

503 4128 623 4200 est,
668 4118 968 4183 relaxare
993 4118 1372 4185 vindictam.
1421 4124 1482 4203 ξ.
1514 4121 1616 4186 18.
1664 4120 2040 4207 Spei-amus,
2091 4120 2267 4207 quod
2312 4119 2627 4206 deinceps
2674 4120 2763 4185 ad
2810 4138 2893 4187 es

493 4206 866 4292 juratorum
910 4214 1282 4271 nostrorum
1329 4207 1742 4273 discretionis
1765 4207 2091 4298 ,procedat
2136 4228 2434 4284 examen,
2496 4228 2669 4293 quae
2712 4204 2891 4271 utili·

501 4298 703 4359 tatem
711 4293 978 4381 justitia
997 4292 1354 4361 fecundent
1367 4293 1465 4381 (et
1476 4296 1806 4380 justitiam
1844 4294 2129 4361 utilitate
2145 4293 2507 4381 decorent),
2531 4300 2605 4360 ut
2631 4292 2889 4361 utilitas
