3150 5017
1495 256 1973 377 ..4290-

533 483 676 551 suis
736 481 1132 550 officialibus
1188 482 1390 551 debet
1448 484 1724 572 provide
1782 482 2109 567 ordinare,
2154 490 2219 550 et
2260 484 2332 549 in
2377 481 2681 549 omnibus
2728 494 2909 547 suum

383 614 388 621 -
436 624 444 631 .
541 571 834 638 officium
883 568 972 637 ad
1015 571 1366 637 utilitatem
1411 571 1793 638 colonorum
1854 570 2159 657 legaliter
2214 591 2543 653 exercere,
2600 570 2698 636 ita
2742 567 2910 656 quod

415 657 418 660 ’
541 661 616 747 in
657 657 1098 745 argentifodio
1145 658 1272 724 sibi
1312 660 1669 725 commisso
1712 657 1877 723 nihil
1921 658 2369 725 inordinatum
2413 658 2679 744 penitus
2723 655 2909 723 relin-

489 748 494 755 ’
539 754 797 833 quatur.
847 750 906 829 ξ.
933 746 994 815 5.
1043 744 1347 813 Ceterum
1377 746 1452 811 'si
1497 749 1564 813 in
1608 745 1713 812 his
1754 745 1949 813 deses
1992 746 2303 812 inventus
2346 744 2546 811 fuerit
2580 752 2651 810 et
2690 744 2911 810 remis-

535 854 667 910 sus,
711 832 1038 916 volumus,
1084 838 1158 899 ut
1201 834 1422 899 statim
1481 854 1560 901 eo
1622 841 1907 899 ammoto
1968 832 2185 899 coloni
2243 831 2447 897 alium
2506 854 2595 897 ex
2636 831 2735 897 eis
2776 830 2910 897 idc-

533 940 739 1013 neum
798 918 1051 1007 eligant
1109 927 1174 985 et
1231 918 1534 1007 legalem.
1620 920 1825 985 Porro
1887 921 1944 985 si
2002 919 2240 985 'coloni
2305 920 2487 984 circa
2560 916 2730 983 haec
2806 918 2907 984 in-

537 1008 894 1078 veniantur
953 1006 1330 1074 ‘voluntarie
1389 1006 1822 1094 negligentes,
1884 1029 2173 1075 errorem
2230 1006 2531 1092 magistri
2590 1004 2909 1071 montium

529 1114 666 1159 sua
727 1094 1138 1181 negligentia
1195 1094 1650 1182 approbando,
1717 1095 1875 1180 quia
1940 1114 2141 1177 error,
2209 1096 2316 1159 cui
2382 1114 2517 1159 non
2560 1092 2907 1175 resistitur,

543 1180 903 1269 approbari
967 1180 1264 1247 videtur:
1337 1190 1497 1247 tunc
1543 1180 1871 1247 urburarii
1972 1202 2047 1247 er
2100 1203 2173 1247 se
2229 1179 2486 1247 ibidem·
2521 1181 2907 1266 magistrum

531 1268 779 1335 montis
843 1269 1062 1334 statim
1122 1269 1492 1353 instituant,
1599 1290 1750 1334 uem
1810 1290 1915 1337 me
1942 1270 2049 1334 ius
2108 1268 2353 1333 nostris
2409 1275 2479 1333 et
2522 1265 2907 1335 colonorum

537 1352 937 1421 utilitatibus
995 1356 1310 1423 noverint
1367 1374 1537 1443 expe
1588 1377 1704 1438 ire,
1765 1355 1999 1422 dantes
2055 1355 2270 1422 eidem
2320 1356 2775 1441 juramentum
2824 1352 2909 1419 ad

535 1439 777 1525 omnia,
831 1464 1000 1530 quae
1047 1465 1248 1529 supra
1293 1443 1472 1509 dicta
1515 1451 1690 1525 sunt,
1735 1441 2019 1509 fideliter
2056 1440 2452 1529 peragenda.
2498 1444 2559 1523 ξ.
2586 1442 2649 1507 6-.
2674 1440 2909 1510 Prohi-

537 1526 770 1601 bemus
815 1531 1036 1611 etiam,
1080 1550 1166 1596 ne
1209 1531 1336 1617 ipsi
1383 1532 1681 1616 magistri
1724 1532 2042 1595 montium
2100 1531 2173 1594 in
2232 1526 2734 1614 argentifodinis
2778 1527 2909 1594 sibi

537 1617 906 1683 commissis
951 1616 1266 1704 deinceps
1309 1618 1551 1684 alicubi
1600 1616 1967 1685 concedant
2010 1616 2267 1703 aliquas
2310 1616 2775 1681 concessiones
2798 1613 2909 1681 vel

533 1702 728 1785 fines,
771 1705 886 1790 qui
931 1703 1294 1790 vulgariter
1336 1706 1653 1770 dicuntur
1710 1713 1961 1780 orter,
2022 1706 2165 1769 sine
2211 1702 2590 1768 colonorum
2636 1703 2910 1768 licentia

543 1786 841 1875 speciali,
889 1810 1014 1857 nec
1059 1791 1235 1857 ultra
1293 1813 1411 1879 per
1451 1791 1715 1857 eosdem
1778 1790 1909 1858 sibi
1953 1793 2309 1856 terminum
2354 1790 2744 1876 deputatum
2790 1812 2909 1855 ex-

535 1875 778 1943 cedant
823 1876 1044 1965 ali'quo
1091 1879 1306 1945 modo.
1396 1878 1736 1965 Quidquid
1781 1886 2002 1944 autem
2046 1885 2276 1943 contra
2336 1875 2577 1942 dictam
2622 1875 2909 1943 formam

535 1966 1001 2049 concesserint,
1047 1964 1191 2052 ipso
1227 1966 1383 2051 jure
1427 1964 1675 2031 nullius
1720 1966 1984 2053 penitus
2026 1964 2355 2030 firmitatis
2416 1965 2679 2045 existat,
2750 1964 2911 2052 quia

535 2048 705 2116 fines
750 2051 1046 2118 mandati
1091 2052 1443 2139 diligenter
1486 2054 1641 2118 su'nt
1684 2051 2014 2120 servandi.-
2055 2056 2117 2135 ξ.
2160 2053 2217 2117 ’1.
2264 2051 2488 2116 Nostri
2534 2059 2763 2117 autem
2788 2059 2907 2117 'ar-

531 2136 884 2289 gentifodii
933 2138 1317 2205 ammonitio
1364 2160 1484 2205 nos
1529 2148 1880 2219 ammonet,
1937 2160 2135 2205 unam
2198 2136 2507 2204 odibilem
2554 2144 2910 2205 consuetu-

582 2225 779 2308 inem,
839 2226 970 2292 imo
1031 2227 1254 2313 potius
1314 2226 1754 2313 corruptelam
1822 2228 2001 2291 circa
2041 2224 2391 2313 magistros
2436 2226 2763 2304 montium
2808 2244 2910 2291 sa-

534 2308 820 2378 lubriter
879 2314 1269 2397 emendare,
1325 2314 1443 2403 qui
1501 2316 1572 2379 in
1633 2334 1945 2399 magnum
2006 2312 2483 2400 prae’udicium
2544 2317 2751 2378 totius
2811 2334 2911 2379 ar·

530 2397 878 2483 g'e'ntifodii
925 2408 992 2467 et
1037 2422 1170 2467 non
1215 2400 1615 2478 inmodicam
1660 2407 1927 2467 nostrae
1955 2402 2145 2487 reipu
2194 2399 2362 2465 licae
2406 2398 2909 2482 laesionem,:in

537 2488 750 2551 omni·
784 2490 1208 2554 concessione
1271 2487 1560 2575 aliquam
1610 2496 1873 2575 partem
1941 2508 2059 2553 seu
2122 2486 2533 2575 frequentius
2567 2494 2910 2552 octavam

527 2572 658 2639 sibi
703 2570 1008 2655 retinent,
1051 2574 1317 2641 illorum
1365 2577 1446 2640 de
1493 2574 1724 2641 eadem
1771 2575 2196 2641 concessione
2242 2572 2627 2639 colonorum
2684 2582 2910 2659 smp-

528 2656 716 2724 tibus
760 2666 829 2725 et
871 2659 1213 2729 laboribus
1257 2661 1712 2745 excolendam,
1760 2662 2079 2728 dicentes·
2112 2680 2331 2726 coram
2392 2658 2777 2727 hominibus
2808 2660 2915 2743 stili,

527 2743 815 2833 publice,
861 2748 1151 2816 nevelle
1198 2748 1419 2815 dictast
1452 2758 1677 2836 parte-s
1722 2748 2033 2815 'excolere
2079 2747 2215 2814 suis
2260 2746 2655 2834 sumptibus
2680 2755 2751 2813 et
2794 2769 2911 2813 ex-

575 2834 772 2915 ensis,
816 2838 1028 2902 utico·
1059 2834 1297 2903 melius
1343 2838 1602 2924 possint
1645 2842 1713 2901 in
1760 2835 1885 2902 hac
1930 2842 2116 2929 parte
2156 2834 2349 2901 suam
2372 2834 2751 2899 versutiam
2768 2832 2910 2922 pal·

554 2918 732 2987 iare.'
758 2920 895 2987 vSed
937 2922 1162 2989 astuta
1195 2920 1440 3009 rvulpes
1482 2922 1619 2991 n'on
1664 2923 1836 2989 fallit
1876 2924 1948 2988 in
1992 2922 2117 2988 hoc
2158 2922 2499 3007 ingenium
2528 2923 2909 3004 venatoria

525 3005 703 3073 unde
749 3009 1091 3095 cupientes
1133 3009 1334 3076 talem
1381 3010 1723 3099 vulpinam
1784 3011 2094 3075 astutiam
2160 3006 2428 3097 penitus
2486 3006 2910 3090 submovere,

528 3094 896 3172 statuimus,
958 3107 1030 3162 ut
1088 3096 1311 3162 nullus
1373 3097 1835 3183 magistrorum
1880 3098 2200 3162 montium
2272 3095 2353 3161 de
2416 3103 2633 3161 cetero
2694 3093 2907 3161 ullam

523 3188 780 3265 partem
827 3182 897 3247 in
944 3184 1250 3250 omnibus
1294 3184 1852 3267 concessionibus,
1899 3183 2015 3249 ubi
2061 3181 2451 3269 concedunt,
2498 3184 2701 3247 etiam
2769 3183 2909 3248 suis

524 3270 836 3418 expensis
881 3279 996 3335 aut
1039 3270 1295 3353 alienis,
1341 3281 1453 3337 aut
1499 3270 1629 3337 alio
1677 3282 2070 3359 quocunque
2128 3268 2322 3335 modo
2376 3271 2397 3333 i
2450 3270 2539 3333 sis
2600 3268 2775 3337 alios
2834 3271 2909 3334 in

527 3374 606 3420 ea
657 3372 760 3419 em
806 3364 993 3442 parte
1039 3356 1501 3426 substituendo
1547 3358 1675 3425 sibi
1718 3359 2045 3445 recipiant
2105 3356 2383 3424 excolen
2433 3357 2565 3439 eim,
2590 3362 2601 3372 '
2623 3373 2713 3423 ne
2783 3355 2909 3422 sub

527 3449 876 3527 praetextu
923 3442 1088 3509 liciti
1135 3444 1386 3532 aliquid
1408 3445 1625 3513 illiciti
1668 3447 2135 3527 committatur,
2181 3453 2249 3509 et
2290 3464 2375 3509 ne
2419 3450 2692 3532 propter
2736 3442 2911 3509 tales

529 3548 739 3617 novas
785 3529 1292 3598 adinventiones
1336 3541 1634 3599 nostrum
1680 3530 2189 3619 argentifodium
2228 3528 2579 3596 desoletur.
2624 3530 2699 3596 Si
2746 3527 2910 3617 quid

524 3633 680 3681 vero
749 3626 980 3684 contra
1056 3618 1230 3684 hane
1294 3622 1701 3686 sanctionem
1781 3627 2075 3685 nostram
2156 3625 2615 3704 attemptatum
2682 3616 2908 3698 fuerit,

527 3702 706 3771 omni
745 3702 900 3789 jure
947 3714 1282 3777 careat-et.
1323 3708 1582 3775 effectu.
1670 3706 1989 3793 Magister
2032 3712 2252 3772 autem
2296 3705 2543 3769 montis
2597 3704 2911 3770 incidens

523 3786 650 3853 hoc
712 3789 1021 3875 edictum,
1083 3812 1235 3858 cum
1295 3794 1570 3859 infamia
1631 3792 2021 3879 deponatur,
2084 3814 2426 3879 nunquam
2474 3790 2561 3856 ad
2606 3790 2911 3878 aliquem

525 3876 983 3966 magistratum
1030 3879 1138 3947 vel
1183 3879 1453 3969 aliquod
1495 3880 1682 3945 aliud
1728 3880 2015 3947 officium
2059 3880 2129 3945 in
2176 3878 2511 3945 montibus
2572 3899 2762 3965 spem
2822 3876 2909 3943 de

465 4014 468 4019 .
521 3958 738 4029 cetere
783 3962 1164 4041 habiturus:
1191 3987 1366 4033 nam
1413 3966 1695 4034 maliciis
1720 3967 2059 4033 hominum
2108 3964 2583 4032 occurrendum
2632 3973 2757 4047 est,
2816 3984 2909 4029 ne

522 4046 878 4117 videantur
926 4052 1007 4119 de
1057 4052 1194 4119 suis
1239 4053 1705 4143 iniquitatibus
1726 4054 2013 4141 gloriari.
2060 4054 2116 4139 ἕ.
2142 4054 2201 4121 8.
2248 4054 2451 4118 Porro
2497 4070 2647 4117 cum
2694 4072 2907 4118 unum

523 4134 618 4231 fist.
655 4141 1125 4231 necessarium,
1185 4150 1258 4227 ut
1318 4152 1589 4227 agentes
1652 4152 1717 4209 et
1765 4142 2255 4209 consentientes
2297 4141 2445 4226 pari
2489 4159 2708 4227 poena
2752 4158 2908 4204 con-

517 4222 956 4308 stringantur,
1017 4228 1412 4295 mandamus
1472 4252 1607 4312 eos,
1662 4226 1801 4318 'qui
1864 4229 2323 4295 concessiones
2383 4226 2763 4312 receperint
2820 4244 2906 4290 ec

512 4307 714 4374 modo
739 4308 1314 4400 inpraejudicium
1361 4316 1687 4393 libertatis
1732 4317 2026 4383 omnium
2070 4310 2554 4405 montanoru‘m,
2592 4312 2907 4402 perhanc
