3150 5017
572 455 914 523 Librorum
959 461 1173 522 autem
1220 458 1299 522 de
1338 459 1482 540 jure
1528 462 1595 522 et
1640 458 1718 521 de
1762 457 2013 538 legibus
2056 455 2227 522 bona
2270 455 2456 538 copia
2500 455 2803 539 suppetit,

402 561 512 642 qui
582 565 797 628 tamen
864 561 1146 626 nondum
1193 579 1411 626 omnes
1455 561 1625 644 typis
1672 560 1977 642 descripti
2020 563 2187 626 sunt.
2274 559 2512 625 Eorum
2570 561 2804 643 partim

406 670 558 731 sunt
617 685 657 730 a
706 665 872 748 juris
931 666 1155 748 peritis
1200 665 1450 747 privato
1497 664 1761 731 consilio
1806 665 2169 746 conscripti,
2212 669 2285 730 ut
2326 664 2519 730 Liber
2562 663 2803 731 domini

407 789 446 835 a
487 769 896 850 Rosenberg3
943 769 1183 836 domini
1210 768 1504 834 Andreae
1535 786 1574 832 a
1608 767 1799 834 Duba
1833 769 1997 850 juris
2040 769 2356 835 bohemici
2401 767 2800 850 explanatio;

405 872 686 940 Cornelii
729 893 768 938 a
810 873 1064 940 Vsehrd
1111 874 1190 939 de
1235 871 1582 938 Bohemiae
1638 871 1889 952 legibus
1948 872 2308 954 tabulisque
2350 871 2498 938 libri
2538 890 2801 955 novem-3

397 978 562 1044 liber
633 977 872 1042 domini
934 975 1156 1041 Ctibor
1199 994 1238 1040 a
1282 975 1608 1056 Cimburk,
1661 975 1769 1057 jus
1828 976 2215 1042 moravicum
2274 975 2579 1041 exhibens
2639 982 2795 1057 etc.;

399 1082 632 1165 partim
675 1081 853 1163 leges
896 1079 1152 1161 publice
1195 1079 1365 1144 latae
1409 1078 1753 1161 legumque
1800 1079 2052 1146 codices
2098 1081 2479 1147 auctoritate
2536 1078 2797 1162 publica

401 1183 747 1266 conscripti
807 1188 1000 1265 atque
1061 1183 1240 1264 editi,
1301 1183 1413 1255 uti,
1459 1183 1637 1249 Ordo
1690 1183 1920 1265 judicii
1962 1189 2190 1267 terrae,
2248 1185 2555 1267 Majestas
2602 1181 2825 1251 Oaros

400 1289 554 1370 lina,
601 1287 962 1369 complures
1011 1286 1157 1352 libri
1204 1285 1443 1368 quibus
1473 1286 1625 1368 jura
1644 1286 2055 1366 singularum
2100 1287 2425 1354 civitatum
2471 1287 2796 1353 eontinen-

403 1398 528 1475 tur,
588 1392 747 1458 Jura
805 1396 871 1456 et
932 1390 1419 1457 constitutiones
1465 1394 1697 1470 terrae,
1755 1390 1968 1472 pactio
2014 1390 2108 1456 sic
2152 1390 2324 1457 dicta
2365 1391 2799 1474 Venceslaiea,

405 1502 470 1562 et
496 1496 563 1561 id
587 1513 786 1578 genus
811 1494 954 1560 alia.
999 1492 1382 1558 Tabularum
1426 1493 1727 1575 denique
1747 1499 1815 1558 et
1853 1495 2179 1570 literarum
2224 1494 2347 1560 ad
2320 1513 2427 1594 Jus
2466 1495 2793 1578 publicum

400 1589 853 1684 pertinentium
898 1613 1282 1680 permagnus
1323 1609 1629 1662 numerus
1666 1593 1899 1663 exstat.
2070 1590 2083 1620 ¹

429 1708 440 1744 ¹
571 1702 799 1767 Libros
865 1701 1062 1781 igitur
1116 1699 1200 1765 de
1251 1701 1398 1783 jure
1459 1706 1526 1766 et
1586 1701 1666 1765 de
1718 1701 1975 1782 iegibus
2038 1683 2465 1786 conscriptos,
2540 1655 2795 1768 codices

398 1809 613 1890 legum
661 1821 788 1870 nec
841 1823 968 1870 non
1009 1804 1464 1894 syngraphas,
1539 1805 1962 1872 instrumenta
2034 1809 2101 1872 et
2173 1807 2385 1872 omnia
2452 1802 2569 1872 id
2594 1809 2793 1892 genus

396 1913 725 1978 literarum
765 1889 1177 1975 monumenta
1243 1907 1555 1994 (exceptis
1616 1915 1828 1975 tamen
1870 1911 2052 1990 regni
2096 1895 2244 1976 sive
2274 1912 2483 1979 terrae
2527 1907 2792 1996 tabulis)

398 2015 474 2080 ut
529 2014 596 2078 in
639 2028 834 2078 unum
901 2030 1132 2096 corpus
1193 2031 1615 2095 congeramus
1674 2013 1863 2080 nobis
1902 2013 2302 2095 propositum
2363 2021 2479 2095 est,
2516 2011 2669 2094 ‘qua
2715 2013 2795 2078 de

399 2135 474 2184 re
537 2126 733 2200 quum
797 2137 1017 2186 eorum
1085 2118 1399 2184 sodalium
1464 2117 1703 2198 Regiae
1770 2113 2177 2182 scientiarum
2244 2117 2596 2198 societatis,
2664 2115 2794 2196 qui

400 2221 706 2288 historiae
750 2241 823 2288 se
866 2223 1198 2304 dederunt,
1245 2237 1583 2289 consessus
1628 2219 1869 2301 Pragae
1914 2219 2273 2326 haberetur,
2318 2219 2421 2285 die
2470 2223 2567 2285 17.
2595 2219 2791 2286 Octo-

402 2327 536 2394 bris
587 2328 756 2392 1864
798 2331 949 2392 tune
991 2327 1265 2410 primum
1311 2323 1737 2408 exposuimus

573 2429 751 2496 Ordo
795 2430 877 2494 ιιι
939 2430 1042 2494 iis
1077 2429 1474 2512 proferendis
1533 2425 1975 2496 observabitur
2034 2425 2517 2509 chronologicus
2554 2427 2669 2491 ita
2724 2429 2799 2491 ut

399 2531 889 2618 praemittantur
945 2533 1122 2616 leges
1183 2533 1576 2616 temporibus
1624 2531 2153 2615 Pmmyslidarum
2198 2531 2387 2613 latae,
2447 2517 2797 2612 sequantur

399 2639 574 2718 leges
635 2637 774 2718 ejus
834 2639 1059 2703 aetatis
1123 2657 1248 2720 qua
1290 2655 1476 2719 reges
1521 2637 1801 2702 familiae
1860 2636 2366 2717 Luceburgensis
2425 2638 2791 2728 regnarunt,

399 2741 752 2821 eodemque
793 2741 988 2806 modo
1031 2741 1315 2823 reliquae
1361 2745 1605 2807 aetates
1650 2741 2012 2807 succedant.

573 2845 810 2910 Tomus
855 2845 1098 2926 primus
1146 2835 1566 2912 destinabitur
1588 2844 2012 2910 monumentis
2034 2838 2586 2925 Premyslidarum,
2633 2829 2795 2922 qu'ae

403 2948 674 3032 quidem·
707 2949 811 3013 ab
886 2945 1346 3031 antiquissimis
1414 2948 1807 3030 temporibus
1874 2965 2077 3028 usque
2153 2947 2236 3012 ad
2308 2940 2584 3012 aetatem
2669 2961 2797 3024 qua

406 3052 644 3134 inclyta
685 3052 800 3118 illa
842 3065 998 3134 gens
1045 3053 1358 3118 exstincta
1401 3058 1519 3134 est,
1565 3050 1866 3132 colligere
1911 3049 2109 3116 licuit.
2222 3047 2227 3052 ’

432 3172 436 3179 ·
495 3190 502 3198 ·
575 3155 886 3236 Singulis
905 3157 1351 3239 monumentiS,
1397 3155 1532 3222 sive
1575 3155 1723 3223 libri
1768 3160 1917 3220 sunt
1960 3155 2095 3219 sive
2140 3153 2508 3235 diplomata,
2566 3169 2796 3262 prooe-

407 3259 609 3325 mium
653 3259 1024 3326 historicum
1071 3265 1136 3326 et
1179 3260 1600 3327 literatorium
1646 3263 2031 3325 annectetur
2096 3249 2419 3324 Orationis
2464 3241 2799 3320 contextus

410 3368 524 3431 aut
580 3363 648 3428 in
702 3364 1136 3448 paragraphus
1182 3365 1507 3446 digeretur
1564 3369 1677 3431 aut
1734 3381 1809 3429 eo
1871 3360 2096 3428 ordine
2137 3361 2247 3442 qui
2288 3359 2480 3427 rebus
2523 3357 2795 3424 maxime

413 3468 762 3550 conveniet,
811 3467 1221 3536 describetur.
1720 3466 1727 3494 ³

587 3570 868 3652 Singulis
927 3573 1117 3638 tomis
1186 3577 1250 3638 et
1315 3573 1658 3638 summaria
1722 3569 2194 3682 accuratissime
2258 3567 2614 3652 perscripta
2675 3555 2799 3629 ad-

404 3678 764 3762 jungemus.
1702 3703 1707 3708 ·

589 3866 1156 3952 vindobonae,
1201 3885 1418 3933 mense
1462 3863 1668 3947 Aprili
1716 3865 1903 3928 1866.

1952 4122 1957 4126 .
2088 4054 2187 4122 Η.
2232 4045 2579 4120 Jireoek.

3080 1596 3093 1853 *bun
3080 1540 3090 1585 ...-
