3150 5017
1526 266 1997 331 -162—

576 439 893 523 scriptum
936 434 1355 523 privilegium
1391 435 1758 522 sigillorum
1813 443 2186 502 nostrorum
2243 436 2606 502 munimine
2671 436 2944 503 fecimus

582 544 993 588 communm.

744 610 985 675 Actum
1030 608 1099 673 in
1144 606 1327 693 Egra
1375 629 1551 673 anno
1597 608 1870 673 Domini
1937 606 2286 673 millesimo
2351 607 2800 673 ducentesimo
2841 631 2939 674 se-

572 698 915 781 xagesimo
962 704 1167 776 sexto,
1214 715 1391 759 nona
1434 692 1825 773 Indictione‚
1892 692 2170 759 testibus
2214 694 2325 779 qui
2383 704 2762 779 praesentes
2817 693 2938 761 hiis

576 780 869 859 aderant,
916 780 1283 845 annotatist
1326 778 1614 845 Jerossio
1661 780 1744 845 de
1787 778 2053 865 thch,
2114 779 2452 845 Zimelone
2497 780 2578 847 de
2621 780 2937 845 Luchten·

572 864 761 953 burg,
808 865 1107 933 Jeroslao
1154 865 1356 932 fratre
1402 864 1602 940 Galli,
1645 864 1919 931 Andrea
1963 867 2348 945 camerario,
2383 865 2611 930 Ulrico
2649 868 2732 930 de
2757 867 2938 931 Nova

570 951 789 1019 Domo
837 952 1216 1034 camerario,
1262 950 1459 1017 Gallo
1503 952 1821 1039 pincerna
1865 960 1930 1017 et
1973 950 2121 1017 aliis
2165 950 2465 1037 pluribus
2511 952 2641 1017 fide
2701 952 2935 1037 dignis.

737 1038 985 1104 Datum
1006 1036 1250 1103 ibidem
1273 1038 1466 1103 Nona
1485 1038 1672 1121 Maji,
1717 1059 1837 1124 per
1881 1059 2114 1103 manus
2161 1040 2461 1123 magistri
2507 1038 2704 1120 Petri,
2751 1042 2932 1124 prae·

571 1124 768 1210 positi
834 1124 1419 1209 wissegradensis,
1484 1124 1671 1209 regni
1737 1126 1945 1189 nostri
2013 1123 2434 1205 cancellarii,
2503 1125 2693 1211 regni
2737 1126 2935 1191 nostri

566 1230 743 1276 anno
788 1210 1037 1296 quinto.

1701 1533 1806 1601 55.

573 1670 1019 1777 Premyslai
1052 1670 1151 1756 ΙΙ.
1178 1670 1403 1777 regis
1428 1670 1521 1778 ‚in
1556 1670 1916 1755 heredem
1943 1668 2202 1755 Ulriei
2219 1670 2438 1755 ducis
2461 1672 2937 1757 constitutio.

1506 1811 1698 1893 1267,
1743 1810 1806 1876 4.
1849 1809 2014 1875 Dec.

767 1948 982 2001 Ulricus
1018 1948 1326 2001 carinthiae
1360 1948 1483 2011 dux,
1519 1966 1585 2001 ex
1637 1948 1943 1999 Wenceslai
1983 1948 2031 1999 1.
2078 1948 2217 2013 regis
2262 1962 2443 1999 sorore
2489 1953 2666 2013 natus,
2711 1947 2933 2017 ideoque

560 2017 857 2085 Premyslai
904 2016 1123 2070 Otacari
1168 2018 1237 2070 Π.
1286 2021 1427 2084 regis
1470 2018 1919 2083 consanguineus,
1967 2019 2058 2082 qui
2109 2032 2176 2067 ex
2211 2017 2499 2068 donatione
2543 2018 2846 2071 Wenceslai
2889 2021 2930 2071 Ι.

560 2089 733 2139 tenuit
766 2088 1103 2153 posseditque
1138 2087 1467 2153 provinciam
1502 2088 1940 2138 Brecslavensem
1973 2087 2033 2135 in
2067 2086 2324 2149 Mol-avia,
2361 2100 2525 2151 quum
2541 2086 2824 2139 heredibus
2847 2104 2930 2139 ca-

562 2156 731 2222 rebat,
767 2156 1135 2222 Premyslaum
1169 2170 1346 2222 regem
1381 2158 1441 2206 in
1476 2161 1726 2208 eventum
1759 2154 2006 2207 heredem
2039 2155 2125 2205 sui
2161 2156 2456 2211 constituit.

769 2226 984 2277 Literae
1018 2240 1179 2291 super
1212 2224 1314 2275 hoc
1348 2226 1561 2291 negotio
1614 2225 1888 2275 confectae
1931 2223 2078 2291 apud
2129 2223 2418 2275 Balbinum
2467 2224 2526 2273 in
2571 2224 2930 2277 Miscellaneis

560 2292 693 2347 hist.
728 2295 910 2347 Boem.
948 2294 1099 2346 VIII.
1139 2295 1221 2345 15.
1254 2293 1519 2361 leguntur.

727 2412 864 2477 Nos
908 2411 1173 2478 Ulricus
1216 2412 1347 2479 Dei
1388 2412 1604 2499 gratia
1627 2411 1768 2477 dux
1797 2408 2197 2492 Corinthiae,
2241 2409 2553 2477 dominus
2589 2412 2928 2481 Carniolae

556 2506 624 2564 et
664 2495 1119 2564 Brzecslaviae
1162 2507 1287 2569 etc.
2607 2558 2638 2563 .-

732 2582 899 2649 Cum
943 2606 1029 2649 ex
1072 2583 1300 2648 divina
1344 2584 1770 2671 dispositione
1807 2580 2158 2648 heredibus
2196 2603 2553 2661 careamus,
2597 2583 2924 2653 dominum

556 2669 943 2735 Ottocarum
988 2672 1474 2743 serenissimum
1532 2692 1757 2755 regem
1805 2668 2268 2749 Bohemorum,
2315 2668 2548 2735 ducem
2594 2671 2917 2749 Ausim-iae,

554 2754 815 2843 Styriae
859 2776 937 2819 ac
959 2755 1397 2823 marchionem
1428 2756 1765 2822 Moraviae
1796 2764 1940 2836 etc„
1983 2755 2372 2841 praesertim
2415 2776 2563 2820 cum
2609 2757 2696 2823 sit
2741 2758 2922 2825 nobis

558 2842 1149 2927 consanguinitatis
1219 2843 1484 2908 vinculo
1552 2841 1880 2927 alligatus,
1925 2840 2262 2925 multaque
2307 2841 2634 2907 amicitiae
2678 2842 2920 2911 benefi-

556 2929 659 2993 cia
704 2949 781 2992 ac
826 2927 1199 2993 indefessae
1226 2928 1604 3014 diligentiae
1629 2935 2016 3013 argumenta
2038 2928 2522 3013 perceperimus
2545 2926 2630 2993 ab
2675 2930 2920 3009 eodem,

556 3012 866 3080 heredem
912 3025 1212 3080 nostrum
1256 3015 1738 3096 constituimus,
1784 3016 1877 3078 ita
1921 3010 2096 3098 quod
2119 3022 2272 3099 post
2292 3022 2562 3079 mortem
2609 3026 2918 3095 nostram,

555 3100 613 3165 si
658 3100 800 3165 sine
844 3100 1000 3165 filiis
1046 3110 1111 3165 et
1153 3099 1418 3165 filiabus
1451 3100 1944 3179 decesserimu8‚
1990 3120 2108 3184 per
2123 3120 2244 3163 nos
2260 3099 2549 3183 legitime
2575 3104 2921 3185 generatis,

550 3193 763 3251 terras
796 3195 1069 3267 nostras,
1114 3188 1545 3273 proprietates
1587 3207 1670 3251 ac
1691 3185 1890 3251 feuda
1933 3205 2050 3249 seu
2093 3182 2226 3249 alia
2248 3184 2424 3251 bona
2465 3196 2694 3253 nostra
2738 3209 2925 3275 quae-

552 3292 834 3357 cumque
853 3293 1039 3337 nunc
1084 3270 1514 3357 possidemus,
1560 3272 1891 3359 possidere
1937 3268 2176 3337 debeat
2197 3269 2406 3336 libere
2453 3280 2518 3335 et
2561 3274 2785 3359 quiete
2806 3284 2924 3341 etc.

727 3358 807 3421 In
854 3358 1044 3444 cujus
1088 3359 1183 3422 rei
1226 3360 1674 3423 testimonium
1734 3358 1861 3443 ipsi
1919 3355 2222 3423 dedimus
2276 3367 2660 3443 praesentes
2700 3358 2924 3428 literas

553 3441 755 3527 sigilli
800 3445 1005 3509 nostri
1050 3445 1415 3508 munimine
1459 3442 1821 3509 roboratas.

607 3578 609 3580 >
724 3528 957 3595 Testes
1000 3538 1219 3594 autem
1278 3538 1465 3595 sunt:
1533 3528 1882 3595 Albericus
1941 3548 2160 3593 comes
2221 3526 2516 3593 Goritiae
2560 3538 2628 3596 et
2666 3528 2922 3604 Tirolis,

550 3616 867 3701 magister
926 3615 1157 3680 Petrus
1216 3616 1627 3702 praepositus
1687 3612 2286 3694 Wissehradensis,
2319 3615 2506 3699 regni
2563 3614 2922 3681 Bohemiae

551 3700 1013 3783 cancellarius,
1058 3700 1326 3767 Ulricus
1370 3721 1589 3767 comes
1650 3702 1732 3767 de
1789 3699 2249 3785 Hornenberg,
2307 3700 2642 3767 Hem-icus
2701 3722 2916 3768 comes

550 3788 633 3855 de
678 3786 971 3864 Hardek,
1020 3786 1283 3852 Uli-icus
1304 3788 1388 3853 de
1412 3786 1816 3873 Rosenberg,
1857 3788 1899 3851 J
1903 3784 2198 3852 aroslaus
2216 3785 2426 3851 frater
2471 3785 2671 3869 Galli,
2717 3786 2919 3853 Smilo

552 3875 634 3939 de
676 3874 987 3955 Brumov,
1031 3872 1366 3939 Harchleb
1391 3874 1790 3939 camerarius
1841 3872 2198 3954 Moraviae,
2226 3872 2552 3938 Conratus
2593 3874 2916 3960 praeposi·

549 3967 661 4025 tus
705 3960 1071 4025 Brunensis
1117 3968 1185 4025 et-
1227 3960 1341 4024 alii
1431 3959 1608 4025 lures
1653 3959 1783 4025 fide.
1830 3958 2030 4044 digni.

721 4044 968 4111 Datum
1034 4048 1103 4111 in
1170 4046 1375 4113 Podie
1424 4046 1545 4111 rad
1598 4047 1795 4112 Anno
1840 4044 2190 4111 millesimo
2233 4042 2690 4114 ducentesimo
2731 4064 2908 4113 sexa·

547 4130 796 4216 gesimo
840 4134 1134 4220 septimo,
1178 4132 1389 4221 pridie
1410 4134 1640 4199 Nonas
1682 4130 2098 4215 Decembris,
2135 4130 2508 4198 Indictione
2551 4130 2674 4199 XI.
