3150 5017
1477 329 1914 396 ...84-

1653 502 1744 570 Π.

1355 641 1731 710 (ubertates
1766 642 2041 710 civium.)

679 764 779 832 Ne
823 766 1024 852 igitur
1066 764 1334 831 libertas
1381 773 1445 830 et
1488 764 1699 850 gloria
1742 765 2108 851 Majestatis
2168 766 2389 850 regiae
2450 787 2569 852 per
2628 764 2882 852 aliquos

503 862 1082 944 praesumptuosos
1127 851 1362 918 debeat
1419 853 1793 938 impugnari
1854 851 1962 917 vel
2021 852 2285 934 irritari,
2354 873 2488 917 una
2542 875 2689 916 cum
2752 851 2886 916 filio

505 951 726 1010 nostro
769 942 1074 1007 volumus
1119 949 1185 1008 et
1229 938 1621 1004 mandamus
1690 940 1813 1004 sub
1860 939 2137 1005 obtentu
2199 941 2453 1024 gratiae
2512 948 2778 1004 nostrae
2824 946 2888 1004 et

502 1031 722 1116 regni:

679 1113 787 1201 (Ι.)
835 1113 1162 1195 Quatinus
1206 1114 1428 1180 nullus
1475 1112 1818 1195 baronum,
1879 1112 2201 1178 nobilium
2263 1113 2373 1178 vel
2436 1112 2716 1177 militum
2777 1121 2890 1177 aut

503 1200 1006 1290 provincialium
1053 1203 1191 1266 sive
1237 1201 1579 1267 curialium
1625 1201 1813 1285 regni
1861 1202 2066 1265 nostri
2112 1200 2399 1286 aliquam
2445 1201 2887 1286 praesumpti-—

505 1312 697 1356 onem
741 1288 849 1353 vel
873 1286 1253 1354 violentiam
1279 1309 1587 1355 exercere
1613 1297 1989 1374 praesumat
2008 1289 2079 1351 in
2106 1287 2326 1374 aliqua
2348 1289 2613 1352 civitate
2645 1296 2885 1369 nostra,

503 1398 628 1442 nec
671 1376 955 1463 aliquem
999 1377 1334 1442 hominem
1377 1375 1652 1440 invadat
1697 1396 1820 1440 nec
1866 1376 2083 1461 capiat
2144 1397 2267 1439 nec
2310 1377 2378 1439 in
2420 1375 2638 1461 aliquo
2686 1396 2885 1460 nega-

506 1466 596 1529 tio
645 1483 759 1528 suo
822 1463 1158 1549 impediat,
1229 1465 1370 1528 sine
1417 1462 1683 1527 licentia
1747 1468 1816 1526 et
1858 1461 2029 1527 scitu
2067 1461 2310 1548 judicis
2356 1462 2639 1527 civitatis
2684 1471 2749 1528 et
2792 1463 2887 1546 ju-

504 1558 814 1616 ratorum.

683 1634 825 1723 (II.)
870 1634 962 1700 Et
1005 1635 1401 1723 quicumque
1445 1636 1625 1700 cives
1671 1643 1736 1701 et
1780 1635 2072 1700 montani
2134 1633 2381 1701 habent
2438 1623 2734 1701 homines
2782 1633 2886 1718 (B.

504 1722 856 1788 habuerint
899 1722 1195 1786 homines
1223 1721 1567 1807 subsedes)
1616 1732 1680 1786 et
1724 1724 2171 1806 possessiones
2201 1731 2390 1786 extra
2412 1724 2744 1788 civitatem
2781 1720 2887 1786 vel

506 1809 681 1874 infra
727 1809 832 1895 (Β.
881 1807 1084 1894 intra)
1109 1857 1128 1891 ,
1175 1809 1423 1874 nullam
1470 1809 1551 1873 de
1597 1810 1755 1894 ipsis
1791 1810 2005 1894 judex
2051 1809 2477 1895 provincialis
2537 1811 2645 1876 vel
2689 1808 2887 1874 bene-

504 1895 736 1960 ficiarii
779 1904 990 1961 terrae
1029 1893 1320 1960 habeant
1354 1897 1777 1983 judiciariam
1846 1904 2240 1982 potestatem
2289 1895 2395 1962 vel
2456 1894 2722 1983 aliquod
2784 1896 2887 1982 jus

403 2022 410 2028 -
504 1991 752 2066 terrae3
803 1981 918 2047 sed
964 1983 1019 2047 si
1065 1982 1147 2048 de
1193 1982 1413 2070 aliquo
1459 1984 1604 2049 cive
1648 1981 1756 2048 vel
1803 1981 1883 2046 de
1929 1981 2147 2069 aliquo
2173 1983 2435 2050 homine
2459 1985 2622 2048 civis
2645 1982 2888 2062 habent

505 2069 755 2156 aliquid
778 2071 1108 2157 conqueri,
1156 2091 1372 2135 coram
1411 2069 1638 2156 judice
1682 2079 1745 2134 et
1780 2070 2033 2156 judicio
2074 2071 2355 2135 civitatis
2388 2078 2882 2158 conquerantur,

507 2157 676 2222 sicut
719 2159 919 2222 ceteri
963 2157 1260 2221 homines
1296 2157 1621 2241 justitiam
1668 2178 1853 2220 suam
1898 2158 2337 2242 exquirentes,

681 2241 866 2328 (ΙΙΙ.)
912 2242 1002 2306 Et
1046 2245 1100 2307 si
1147 2243 1386 2330 aliquis
1433 2241 1675 2308 civium
1722 2241 1918 2308 alicui
1984 2242 2215 2308 baroni
2263 2245 2401 2308 sive
2462 2243 2653 2309 militi
2714 2243 2886 2307 bona

507 2351 626 2396 sua
668 2329 776 2395 vel
821 2351 1071 2395 merces
1138 2352 1290 2395 suas
1354 2331 1752 2395 concesserit
1807 2330 1928 2395 sub
1990 2330 2362 2397 conditione
2422 2331 2700 2416 alicujus
2760 2330 2884 2395 diei

504 2416 614 2483 vel
657 2426 789 2483 tem
842 2417 971 2480 oris
1044 2437 1262 2482 coram
1297 2418 1540 2504 juratis
1585 2415 1693 2483 vel
1740 2416 1885 2481 aliis
1930 2416 2152 2503 probis
2196 2419 2375 2494 viris,
2440 2427 2504 2482 et
2564 2421 2618 2482 si
2680 2417 2888 2482 dictus

507 2501 668 2569 baro
731 2525 812 2569 ve
887 2502 1076 2568 miles
1123 2503 1237 2568 illo
1284 2505 1389 2569 die
1435 2503 1545 2570 vel
1589 2513 1719 2570 tem
1772 2525 1881 2569 ore
1927 2526 2061 2569 non
2111 2503 2411 2570 solverit:
2458 2515 2703 2570 extunc
2744 2525 2886 2592 pos-

507 2591 592 2655 sit
655 2588 768 2655 ille
814 2591 977 2654 civis
1019 2588 1209 2654 illum
1262 2590 1579 2656 baronem
1640 2525 1765 2655 vei)
1810 2590 2097 2656 nobilem
2160 2590 2446 2679 aliquem
2499 2591 2705 2658 libere
2771 2611 2885 2679 pro

509 2677 643 2742 suis
691 2674 928 2742 debitis
974 2677 1393 2763 inpignorare
1439 2678 1544 2762 (Β.
1592 2678 2026 2766 impugnare.)

675 2761 851 2850 (IV.)
900 2761 1206 2829 Ceterum
1273 2763 1589 2830 volumus·
1623 2772 1687 2829 et
1733 2763 2163 2847 mandamus,
2210 2773 2285 2828 ut
2328 2765 2642 2852 quicquid
2686 2764 2884 2850 jurati

506 2851 790 2916 civitatis
831 2859 1095 2915 nostrae
1142 2861 1207 2916 et
1243 2852 1447 2938 jurati
1491 2860 1949 2916 montanorum
1996 2852 2097 2930 (B.
2146 2851 2459 2938 quicquid
2492 2851 2710 2939 judex
2737 2850 2882 2916 civi-

505 2938 660 3002 tatis
728 2946 991 3002 nostrae
1061 2945 1127 3003 et
1198 2937 1396 3022 jurati
1464 2959 1612 3002 cum
1674 2939 1912 3024 juratis
1971 2941 2456 3022 montanorum)
2527 2961 2646 3026 pro
2716 2938 2881 3003 bono

507 3025 836 3092 communi
895 3024 1348 3090 ordinaverint
1415 3034 1483 3090 et
1523 3026 1893 3107 statuerint,
1939 3023 2409 3091 inviolabiliter
2451 3025 2535 3090 ab
2585 3024 2883 3091 omnibus

508 3109 863 3179 observari.

680 3197 820 3285 (V.)
867 3198 969 3280 (B.
1013 3195 1297 3284 Insuper
1337 3195 1643 3264 volumus
1690 3206 1755 3262 et
1815 3197 2205 3264 mandamus
2266 3198 2622 3264 districtius
2669 3199 2882 3265 obser-

503 3285 668 3366 vari,
716 3285 892 3370 quod
938 3287 992 3349 si
1038 3285 1272 3372 aliquis
1318 3285 1560 3349 civium
1607 3285 2019 3350 committens
2065 3284 2487 3368 homicidium
2534 3285 2641 3351 vel
2687 3286 2881 3352 alium

506 3392 847 3436 excessum
915 3393 1245 3436 enormem
1294 3393 1618 3458 quemcun
1669 3393 1785 3449 ue,
1844 3393 1968 3436 nec
2028 3373 2423 3438 camerarius
2484 3381 2709 3438 noster
2768 3391 2881 3437 nec

504 3457 930 3545 provincialis
975 3480 1097 3522 nec
1141 3457 1378 3545 aliquis
1423 3395 1801 3523 officialium
1827 3467 2190 3524 nostrorum
2220 3481 2341 3525 nec
2357 3459 2572 3544 judex
2604 3461 2879 3524 civitatis

505 3566 623 3609 seu
660 3545 863 3630 jurati
906 3545 976 3608 in
1020 3543 1211 3609 bonis
1257 3545 1392 3609 suis
1435 3555 1572 3610 tam
1618 3543 1967 3610 mobilibus
2030 3568 2225 3633 quam
2280 3547 2723 3611 immobilibus
2769 3543 2879 3610 ali-

504 3653 698 3718 quam
740 3639 1048 3696 exerceat
1093 3632 1492 3715 violentiam,
1540 3634 1841 3718 quamvis
1886 3655 2039 3698 reus
2077 3634 2390 3718 profugus
2433 3632 2646 3698 factus
2671 3633 2881 3711 fuerit,

505 3718 625 3785 sed
667 3740 838 3785 uxor
881 3740 999 3783 sua
1043 3740 1193 3784 cum
1236 3719 1590 3787 heredibus
1633 3716 1829 3784 rebus
1888 3721 2024 3786 suis
2085 3720 2356 3807 pacifice
2416 3718 2879 3806 perfruantur.)

1640 3889 1762 3960 HI.

1417 4029 1687 4097 (Statuit
1726 4030 1978 4099 civilia).

673 4233 728 4302 Ι.
774 4234 879 4302 De
922 4153 1357 4323 gloiiosorum
1396 4240 1635 4326 princi·
1917 4239 1968 4304 Ι.
2014 4239 2120 4305 De
2163 4154 2600 4326 gloffiogomm
2642 4242 2876 4330 princi·

500 4344 658 4412 pum
703 4325 915 4410 gratia
959 4333 1024 4390 et
1044 4324 1492 4392 benivolentia
1515 4327 1633 4391 do·
1739 4349 1895 4413 pum
1940 4329 2156 4414 gratia
2184 4337 2250 4395 et
2286 4329 2736 4398 benivolentia
2768 4331 2876 4397 do-

2972 4983 3017 4992 .-
