3150 5017
1419 293 1905 360 ...χοε-

467 489 588 570 pro
631 474 858 548 morte,
902 474 1256 554 autequam
1311 465 1607 534 duellum

467 552 787 622 indictum
848 553 1046 622 fucrit
1066 602 1086 635 ,
1143 554 1357 640 judici
1417 554 1611 620 cedet

467 662 602 706 una
644 661 900 724 marca3
946 642 1002 708 si
1033 649 1254 708 autem
1284 641 1605 708 indictum

466 726 682 809 fuerit,
725 725 932 813 judici
991 727 1226 794 cedent
1284 727 1488 810 duae;
1547 729 1605 794 si

467 822 686 880 autem
731 813 1052 882 circulum
1093 815 1484 880 intraverint
1541 824 1609 890 et

469 918 666 987 super
729 903 922 968 sedes
995 900 1287 968 sederint
1361 909 1426 968 et
1491 901 1607 965 ad·

466 988 595 1053 huc
653 985 902 1073 placari
989 987 1336 1068 voluerint,
1393 986 1606 1073 judici

467 1073 706 1141 cedent
761 1084 895 1142 tres
957 1095 1254 1156 marca03
1333 1075 1387 1140 si
1447 1095 1605 1140 vero

467 1182 666 1246 super
693 1161 962 1228 arbores
991 1161 1094 1226 vel
1120 1161 1436 1246 valangas
1465 1159 1605 1246 gla-

470 1247 614 1314 dios
637 1248 993 1334 posuerint,
1017 1249 1158 1314 etsi
1182 1247 1400 1314 adhuc
1430 1268 1605 1316 com·

1710 467 2031 538 indictum
2074 470 2291 552 fuerit,
2324 469 2541 557 judex
2582 469 2655 538 11
2676 491 2851 536 mar·

1712 577 1825 622 eas
1890 553 2197 639 habebit3
2258 559 2316 622 si
2380 556 2699 624 circulum
2756 559 2854 622 in·

1714 643 1927 728 gressi
1968 642 2057 708 ad
2102 643 2295 710 sedes
2336 645 2640 710 venerint
2680 665 2851 710 oom-

1711 736 2031 816 ponentes
2074 730 2310 808 adhuc,
2352 730 2559 817 judici
2616 729 2855 797 cedent

1708 825 1845 882 tres
1882 837 2184 896 marcae3
2230 819 2286 883 si
2330 817 2419 882 ad
2458 817 2713 903 flangas
2742 838 2853 882 ve·

1710 903 1947 984 norint,
1972 911 2043 968 et
2056 904 2275 970 adhue
2311 905 2853 990 compositionem

1712 989 2061 1056 admittant
2084 1037 2103 1073 ,
2153 990 2367 1078 judex
2437 991 2539 1056 IV
2596 1011 2857 1056 marcas

1712 1075 2001 1158 habehim
2026 1079 2083 1142 si
2106 1077 2341 1163 flangis
2360 1079 2673 1143 extractis
2688 1099 2854 1164 pug-

1714 1163 1935 1228 nando
1980 1166 2311 1251 congressi
2368 1163 2633 1244 fuerint,
2675 1186 2853 1229 com·

1707 1251 2099 1336 positionem
2160 1249 2379 1317 adhuc
2414 1249 2857 1333 admittentes,

468 1355 711 1422 ponere
771 1333 1116 1415 voluerint,
1173 1334 1383 1420 judex
1439 1356 1603 1420 qua·
1698 1337 1913 1424 judici
1956 1337 2195 1405 cedent
2237 1339 2301 1402 V
2344 1358 2623 1404 marcae.
2692 1343 2752 1420 ξ.
2790 1339 2854 1403 3.

466 1431 616 1488 tuor
659 1441 912 1488 marcas
955 1421 1260 1501 habehim
1305 1422 1362 1486 si
1385 1431 1603 1486 autem

465 1509 908 1662 Ρὲἔὲῗέἔῗέ*
945 1507 1609 1660 ἲέῗὲοῧῖἕὲῗ·ξῗ

463 1619 600 1749 dici
643 1616 1217 1768 cedentplluinque
1249 1616 1536 1747 ‘marea’d

1709 1425 1811 1488 De
1851 1425 2081 1510 forma
2154 1424 2482 1490 indicendi
2554 1423 2853 1489 duellum.

1708 1511 2063 1598 Postquam
2106 1511 2349 1576 vulnus
2407 1520 2523 1576 aut
2577 1511 2849 1576 homici-

1710 1597 1886 1663 dium
1968 1619 2011 1662 a
2068 1597 2304 1684 juratis
2375 1595 2859 1663 rationabiliter

1708 1694 2089 1752 accusatum
2104 1683 2615 1767 fueriuduellum
2632 1685 2731 1748 sic
2748 1693 2855 1752 est

1710 1772 2181 1837 inducendum:
2198 1770 2591 1838 causidicus
2614 1772 2857 1836 actoris

1714 1860 1813 1924 sic
1857 1857 2069 1925 dicat:
2118 1857 2303 1940 „Con
2350 1879 2545 1924 ueror
2594 1857 2741 1924 Deo
2786 1866 2857 1922 et

1717 1944 1985 2010 domino
2000 1945 2140 2030 regi
2158 1954 2224 2010 et
2234 1965 2316 2010 vo
2367 1945 2443 2021 is,
2466 1943 2729 2010 domine
2744 1944 2853 2029 ju·

1716 2031 1867 2115 dez,
1914 2042 1981 2098 et
2015 2033 2254 2119 juratis
2300 2030 2554 2096 civibus
2590 2032 2853 2095 univcr-

1716 2120 1827 2199 sis,
1870 2128 2005 2184 tam
2054 2118 2455 2205 pauperibus
2500 2139 2696 2219 quam
2750 2116 2851 2181 di-

1715 2204 1983 2281 vitibus,
2046 2205 2347 2271 omnibus
2421 2225 2533 2290 qm
2578 2225 2746 2290 pace
2784 2211 2855 2268 et

1716 2294 1928 2380 gratia
2014 2293 2112 2358 uti
2188 2291 2583 2371 desiderant,
2672 2289 2853 2377 quod

1716 2379 1895 2463 (talis
1918 2377 2026 2446 vel
2050 2378 2227 2462 talis)
2273 2379 2455 2444 venit
2498 2376 2587 2442 ad
2629 2378 2851 2443 locum

1716 2465 1927 2548 illum,
1970 2465 2084 2531 ubi
2128 2487 2314 2531 meus
2358 2466 2609 2530 amicus
2670 2463 2851 2552 (talis

1716 2551 1823 2618 vel
1887 2552 2068 2704 tali?
2136 2573 2364 2640 pacem
2447 2561 2511 2617 et
2575 2550 2849 2639 gratiam

1716 2638 1960 2706 habere
2050 2639 2323 2716 ebuerit,
2368 2647 2433 2706 et
2474 2639 2545 2703 in
2590 2657 2670 2704 eo
2714 2637 2848 2702 vio-

1718 2725 1885 2792 lavit
1927 2747 2157 2813 pacem
2203 2725 2348 2808 Dei,
2394 2725 2569 2810 regis
2612 2733 2679 2791 et
2720 2733 2845 2789 ter·

1718 2835 1851 2895 rae,
1896 2823 1964 2879 et
2052 2814 2329 2880 eroussit
2350 2813 2410 2878 ei
2426 2811 2845 2877 manifestum

1718 2900 1961 2965 vulnus
2045 2899 2223 2982 uelli,
2268 2897 2444 2987 quod
2488 2899 2687 2981 iurati
2709 2919 2847 2982 per-

1718 2986 2042 3067 viderunt,
2088 2995 2155 3053 et
2198 3008 2317 3070 pro
2336 2984 2617 3050 vulnere
2638 2983 2839 3050 duelli

1720 3082 2245 3140 accusaverunt.“
2328 3072 2400 3138 Si
2445 3079 2671 3160 autem
2705 3071 2847 3138 tue·

1720 3162 1807 3226 rit
1908 3181 1983 3226 ro
2041 3158 2415 3241 homicidio,
2472 3160 2569 3224 sic
2613 3166 2715 3224 est
2756 3158 2847 3222 di·
2916 3151 2935 3169 ²

1722 3269 1842 3313 cen
1892 3269 2039 3314 um:
2088 3246 2459 3332 „Percussit
2496 3246 2561 3311 ei
2578 3242 2845 3309 manife-

1720 3343 1892 3400 stum
1938 3332 2185 3398 vulnus
2230 3331 2451 3414 duelli,
2506 3353 2627 3419 per
2666 3328 2843 3418 quod

1724 3423 1807 3488 de
1864 3421 2002 3484 vita
2058 3420 2369 3522 migravit
2426 3419 2512 3484 ad
2554 3427 2847 3498 mortem,

1724 3507 1901 3597 quod
1984 3508 2185 3592 juratl
2296 3503 2699 3585 ervideruut,
2784 3511 2849 3568 et

1722 3616 1843 3678 pro
1902 3592 2179 3659 vulnere
2282 3591 2441 3658 uelli
2502 3611 2846 3658 accusave-

1723 3689 1909 3760 runt3
1960 3680 2135 3768 quod
2182 3680 2236 3744 si
2324 3678 2575 3744 rofiteri
2628 3675 2847 3744 volue-

1719 3770 1827 3850 rit,
1873 3789 1914 3832 a
1959 3765 2147 3831 vobis
2183 3766 2263 3852 ju
2312 3766 2509 3831 icium
2556 3785 2755 3851 super
2774 3783 2849 3827 ec

1722 3853 2111 3941 requiritur3
2182 3851 2299 3917 sed
2371 3853 2429 3917 si
2486 3851 2841 3936 negaverit,

1719 3942 1934 4029 ipsum
1979 3939 2271 4028 profiteri
2316 3937 2669 4025 compeliet
2702 3955 2845 4002 cum

1720 4049 1839 4095 suo
1862 4047 2133 4114 corpore
2156 4033 2387 4092 contra
2408 4043 2647 4110 corpus
2672 4024 2840 4110 ejus3

1720 4137 1871 4181 cum
1919 4135 2035 4180 suo
2082 4131 2291 4202 propu
2340 4120 2569 4177 natore
2624 4118 2849 4175 contra

1722 4222 1934 4285 suum,
1965 4223 2115 4266 cum
2140 4221 2319 4268 omm
2368 4220 2446 4264 us
2468 4196 2845 4275 attinentiis,

1717 4289 1897 4378 quod
1921 4289 2169 4376 dejure
2198 4286 2285 4354 ad
2322 4284 2614 4354 duellum
2658 4281 2847 4370 perti·
