3150 5017
1514 280 1602 296 -
1693 246 1988 329 174,-

560 416 1042 497 Olomucensis,
1085 414 1305 481 Deum
1351 424 1419 481 et
1450 417 1780 501 justitiam
1836 415 2158 485 habentes
2217 438 2377 506 prae
2438 415 2670 498 oculis,
2733 438 2931 499 super

552 501 2928 678 {¹:5²3.ff{?³¹3,¹2.⁶{.3;²1⁰2³‡2¹3²⁸02232‘1’233223‘ptdsstss¹¹22¹0325³t²³³330233

909 640 927 671 ,
1788 654 1790 656 ,

554 695 879 825 vare‘Hoc
920 759 1201 846 adjecto,
1247 767 1320 825 ut
1364 762 1712 829 occasione
1755 762 2181 827 terminorum
2207 782 2322 828 seu
2344 760 2649 843 limitum,
2673 761 2758 827 de
2789 762 2924 847 qui-

552 846 677 911 bus
722 848 881 911 dicti
926 846 1462 932 archiepiscopus
1506 856 1573 913 et
1616 849 1966 933 episcopus
2011 850 2635 934 cognoscent,pacis
2671 850 2923 933 puritas

548 933 725 999 inter
767 954 987 1019 regem
1032 932 1366 1017 Ungariae
1424 941 1489 997 et
1548 954 1670 998 nos
1730 956 1861 1001 non
1931 933 2342 1016 turbabitur,
2404 955 2529 1001 neo
2593 954 2718 999 nos
2779 955 2923 999 cum

550 1018 785 1085 eodem
828 1039 985 1103 rege
1030 1018 1406 1086 relabemur
1449 1020 1518 1085 in
1563 1040 1952 1105 guerrarum
1995 1020 2380 1087 discrimina
2421 1018 2736 1088 recidiva.

1687 1205 1777 1272 11.

722 1364 893 1427 Pace
937 1362 1138 1447 igitur
1179 1360 1558 1447 hujusmodi
1603 1362 1776 1429 inter
1838 1361 2060 1447 ipsum
2127 1364 2349 1447 regem
2407 1368 2480 1427 et
2539 1381 2666 1426 nos
2711 1360 2917 1425 refor-

548 1456 727 1515 mata
768 1458 835 1515 et
878 1447 1293 1514 cautionibus
1336 1456 1472 1513 tam
1514 1447 1853 1515 literarum
1899 1446 2423 1515 authenticarum
2469 1467 2668 1533 quam
2711 1448 2912 1533 juris-

544 1535 819 1622 jurandi
863 1534 1185 1619 religione
1226 1534 1505 1616 firmata,
1564 1543 1642 1601 ut
1699 1534 1928 1601 eadem
1993 1533 2228 1599 robore
2287 1532 2644 1599 subsistere
2706 1532 2922 1601 valeat

546 1622 837 1701 firmiori,
884 1620 1058 1684 infra
1100 1620 1449 1685 terminum
1468 1621 1642 1691 inter
1683 1620 2004 1687 illustrem
2048 1642 2270 1706 regem
2314 1619 2646 1705 Ungariae
2693 1627 2760 1683 et
2803 1640 2919 1683 nos

551 1707 975 1773 statuendum
1038 1726 1155 1769 seu
1227 1704 1701 1772 moderandum
1772 1728 1890 1792 pro
1954 1708 2138 1792 pacis
2193 1706 2543 1791 multiplici
2611 1704 2922 1772 firmitate

549 1793 763 1861 eidem
824 1793 964 1877 regi
1023 1791 1357 1877 Ungariae
1418 1792 1559 1859 dari
1623 1791 2124 1873 procurabimus
2183 1801 2250 1858 et
2322 1792 2636 1858 faciemus
2697 1790 2919 1857 literas

549 1878 1044 1964 magnificorum
1088 1880 1376 1943 virorum
1440 1879 1528 1943 D.
1587 1878 1864 1945 Henrici
1923 1878 2318 1945 Misenensis
2385 1886 2451 1943 et
2507 1876 2594 1941 D.
2655 1876 2917 1943 Ottonis

545 1963 1122 2050 Brandburgensis
1164 1963 1561 2051 inclytorum
1607 1964 2079 2047 marchionum,
2125 1971 2555 2049 cognatorum
2586 1970 2652 2029 et
2677 1964 2917 2029 amico-

546 2074 692 2118 rum
746 2059 1156 2133 nostrorum,
1262 2052 1548 2117 raesenti
1609 2072 1774 2137 pace
1827 2072 1914 2115 ex
1972 2059 2156 2137 parte
2216 2058 2442 2116 nostra
2493 2048 2928 2123 inclusorum.

544 2159 744 2228 super
787 2160 863 2203 eo
909 2136 1086 2223 quod
1129 2139 1191 2204 ei
1240 2158 1344 2201 em
1388 2138 1556 2221 paci,
1603 2137 2024 2203 conventioni
2069 2156 2186 2202 seu
2229 2135 2688 2222 compositioni
2743 2156 2918 2201 nunc

541 2225 734 2291 factis
779 2246 899 2310 per
942 2245 1063 2288 nos
1108 2233 1173 2288 et
1217 2222 1501 2288 barones
1546 2222 1961 2289 adhibebunt
1983 2244 2402 2304 consensum,
2425 2221 2916 2289 conniventiam

545 2320 611 2377 et
650 2332 691 2375 o
740 2309 1152 2375 itulationem
1199 2307 1647 2376 omnimodam
1691 2308 2112 2377 inviolabiter
2155 2307 2659 2377 observandam.
2775 2347 2778 2350 -

778 2418 817 2460 o
846 2396 1211 2481 expressim
1256 2406 1467 2478 cauto,
1510 2404 1647 2460 tam
1692 2396 1760 2460 in
1805 2396 2011 2460 literis
2053 2393 2452 2459 marchionis
2493 2392 2768 2460 Henrici
2801 2392 2916 2457 Mi-

547 2482 864 2562 senensis,
912 2502 1111 2567 quam
1168 2480 1253 2545 D.
1315 2482 1579 2547 Ottonis
1633 2480 2032 2548 marchionis
2091 2480 2668 2565 Brandburgensis
2727 2500 2913 2566 prae-

550 2566 892 2648 dictorum,
934 2576 1009 2631 ut
1052 2568 1109 2631 si
1150 2588 1273 2631 nos
1316 2588 1547 2654 pacem
1595 2568 1900 2653 contigat,
1990 2567 2122 2631 uod
2165 2565 2362 2649 absit,
2406 2566 2766 2651 infringere
2809 2562 2910 2629 vel

546 2652 832 2734 turbare,
878 2674 965 2717 ex
1006 2660 1175 2723 tuno,
1208 2653 1406 2718 iidem
1432 2652 1845 2720 marchiones
1889 2674 1974 2717 no
2023 2654 2080 2719 is
2125 2674 2260 2717 non
2305 2654 2613 2719 assistent
2646 2650 2910 2727 auxilio,

548 2738 823 2805 consilio
865 2736 975 2803 vel
1017 2737 1263 2821 favore,
1310 2738 1427 2804 sed
1472 2762 1541 2804 se
1586 2762 1626 2804 a
1670 2738 1862 2805 nobis
1911 2739 2169 2824 penitus
2213 2736 2638 2824 separabunt.

716 2825 864 2891 Rex
907 2832 1123 2889 autem
1166 2824 1503 2912 Ungariae
1550 2825 1672 2891 sub
1719 2824 1948 2890 eadem
1997 2846 2113 2890 seu
2167 2822 2494 2889 consimili
2551 2823 2763 2887 forma
2805 2842 2910 2886 no-

543 2908 649 2975 bis
694 2911 837 2975 dari
882 2910 1079 2976 faciet
1122 2910 1345 2975 literas
1392 2912 1722 2997 magnifici
1766 2911 1853 2976 D.
1881 2909 2100 2977 Caroli
2125 2909 2403 2975 illustris
2428 2909 2607 2994 regis
2633 2906 2908 2981 Siciliae.

544 2996 821 3062 ducatus
864 2996 1168 3082 Apuliae,
1211 2998 1620 3082 principatus
1667 2997 1936 3083 Capuae
1995 3006 2061 3062 et
2123 2996 2380 3063 comitis
2424 2993 2902 3079 Fuleal-querii3

540 3104 667 3148 nec
708 3103 844 3147 non
888 3082 1111 3147 literas
1154 3082 1231 3147 D.
1284 3082 1584 3148 Heinrici
1627 3082 1861 3168 inclyti
1905 3083 2091 3147 ducis
2157 3082 2486 3148 Bavariae
2529 3081 2906 3147 amicorum

542 3190 829 3249 suorum,
876 3167 999 3235 sub
1044 3190 1126 3233 ea
1168 3168 1397 3250 forma,
1441 3178 1512 3234 ut
1556 3170 1614 3234 si
1657 3190 1777 3235 rex
1799 3169 2132 3253 Ungariae
2154 3166 2408 3253 aliquid
2429 3174 2664 3236 con-tra
2683 3186 2904 3253 pacem

540 3254 771 3320 fecerit
827 3252 936 3317 vel
994 3257 1365 3337 attentarit,
1397 3253 1741 3321 -violando
1801 3275 1917 3321 seu
1974 3253 2394 3338 infringendo
2455 3251 2730 3321 eandem
2752 3303 2768 3334 ‚
2831 3272 2908 3317 ex

539 3349 699 3406 tunc
757 3338 962 3405 iidem
1002 3362 1125 3406 rex
1168 3350 1233 3407 et
1278 3341 1415 3406 dux
1458 3363 1501 3405 a
1544 3342 1857 3405 societate
1918 3349 1984 3407 et
2027 3340 2318 3406 amicitia
2357 3341 2532 3425 regis
2583 3337 2906 3423 Ungariae

540 3447 611 3492 se
653 3427 915 3512 penitus
957 3426 1363 3493 retrahentes
1408 3427 1621 3493 eidem
1668 3434 1898 3493 eontra
1941 3447 2063 3495 nos
2108 3447 2242 3493 non
2281 3427 2740 3513 impertientur
2765 3445 2908 3491 con·

538 3511 779 3592 silium,
824 3512 1149 3579 auxilium
1194 3523 1262 3577 et
1306 3510 1621 3596 favorem,
1667 3521 1734 3579 et
1776 3512 1902 3579 hoc
1943 3512 2310 3599 expressim
2353 3509 2802 3579 continebitur
2843 3510 2908 3577 in

536 3598 893 3663 eorundem
938 3599 1113 3683 regis
1156 3607 1223 3663 et
1268 3595 1453 3664 ducis
1496 3598 1875 3685 patentibus
1919 3597 2150 3679 literis,
2221 3596 2453 3682 sigillis
2519 3618 2748 3663 eorum
2805 3615 2912 3661 au-

536 3684 844 3751 thenticis
868 3684 1309 3770 pendentibus
1332 3686 1757 3770 consignatis,
1801 3706 1970 3772 quae
2013 3692 2090 3749 ut
2132 3682 2380 3749 dictum
2423 3693 2542 3763 est,
2587 3682 2765 3750 infra
2791 3691 2910 3747 ter-

534 3773 790 3837 minum
834 3790 955 3857 per
995 3770 1079 3837 D.
1125 3791 1345 3856 regem
1389 3771 1726 3857 Ungariae
1771 3782 1836 3837 et
1879 3792 2001 3841 nos
2046 3769 2536 3837 moderandum·
2567 3767 2762 3835 nobis
2808 3767 2912 3832 de-

534 3856 695 3923 bent
738 3854 1041 3923 similiter
1083 3858 1428 3943 assignari.

1669 3995 1797 4065 ΠΙ.

752 4112 1057 4180 Ceterum
1124 4115 1446 4202 quaedam
1507 4122 1730 4181 >castra
1789 4115 1966 4183 intra
2021 4112 2283 4179 limites.
2323 4114 2508 4199 regni
2573 4112 2902 4197 Ungariae

534 4200 908 4282 constituta,
952 4223 1229 4288 quorum
1273 4200 1641 4289 principale
1687 4200 2049 4268 dominium
2095 4200 2182 4269 ad
2225 4201 2446 4286 ipsum
2491 4219 2712 4285 regem
2759 4218 2898 4285 per·
