3150 5017
1146 300 1622 369 ...239-

215 472 423 539 eodem
465 473 729 539 domino
763 492 927 560 nege
968 471 1073 539 vel
1118 475 1263 539 sine
1306 493 1385 539 oo
1436 470 1716 549 rediero,
1753 478 2010 553 castra,-
2053 474 2456 541 munitiones
2495 481 2564 541 et

214 560 443 626 reditus
528 558 855 627 raedictos
899 558 1125 626 debite
1172 559 1598 645 disbrigatos.

366 648 460 731 (X
520 645 607 733 Ι.)
652 646 836 729 Quos
882 648 937 713 si
984 656 1137 715 ante
1176 668 1377 735 pasca
1433 646 1708 711 Domini
1801 645 1966 711 rimo
2011 653 2387 729 venturum,
2433 648 2576 734 ipse

212 734 499 801 dominus
540 749 663 801 rex
705 734 810 800 vel
856 734 1183 801 Benesius
1226 735 1624 803 camerarius
1667 667 1795 798 vei)
1823 732 2009 816 alter,
2078 749 2272 820 quem
2318 734 2404 799 ad
2449 732 2575 802 hoc

212 822 647 902 transmiserit,
688 844 823 887 non
868 822 1311 907 assignaverit
1332 820 1441 887 vel
1468 821 1994 909 praesentaverit
2037 820 2199 884 mihi
2225 820 2332 887 vel
2378 821 2573 886 matri

212 928 397 985 meae,
438 908 713 996 proinde
782 908 1116 976 civitatem
1193 908 1413 990 Gretz,
1458 916 1525 974 et
1568 910 1624 973 si
1667 928 1802 972 non
1847 906 2094 973 sufficit
2134 908 2282 995 ipsa
2339 908 2575 975 civitas

216 992 399 1061 Grets
483 1017 603 1083 pm
683 996 1047 1082 quantitate
1108 1003 1175 1061 et
1239 994 1465 1061 valore
1530 1003 1894 1061 castrorum
1913 1040 1934 1077 ,
2003 996 2438 1061 munitionum
2509 1004 2575 1063 et

210 1083 515 1149 redituum
538 1083 1112 1169 assignandorum,
1158 1092 1319 1148 tunc
1364 1080 1638 1149 Orudim
1663 1082 1993 1148 civitatem
2025 1102 2174 1146 cum
2199 1081 2430 1149 eadem
2475 1084 2566 1150 ci-

214 1169 395 1238 vitate
432 1168 637 1236 Gretz
660 1170 821 1235 mihi
860 1178 979 1236 aut
1022 1170 1212 1235 matri
1258 1189 1463 1253 meae,
1508 1170 1774 1234 nomine
1805 1188 1968 1251 mee,
2017 1169 2086 1233 in
2109 1170 2384 1257 pignore
2427 1170 2572 1257 ipse

216 1255 515 1323 dominus
536 1278 662 1323 rem
706 1258 925 1323 statum
969 1263 1119 1345 post
1150 1276 1361 1344 pasca
1404 1258 1776 1343 proximum
1823 1254 2178 1341 obligabit3
2223 1274 2418 1345 quam
2463 1255 2571 1323 vel

212 1362 358 1429 quas
418 1365 632 1432 usque
688 1343 775 1410 ad
832 1344 1309 1411 assecutionem
1355 1355 1740 1425 castrorum,
1785 1342 2222 1407 munitionum
2289 1351 2356 1409 et
2418 1364 2570 1431 pos·

212 1432 575 1508 sessionum,
643 1433 711 1497 in
772 1431 1011 1518 quibus
1071 1439 1227 1496 sunt
1292 1429 1607 1517 praedicti
1671 1428 1926 1497 reditus
1980 1426 2364 1517 deputandi,
2412 1430 2572 1495 mihi

213 1515 337 1583 loeo
420 1519 443 1583 i
490 1524 673 1587 noris
718 1518 1035 1585 retineb0.
2145 1558 2150 1567 -

360 1540 667 1691 (iiim.)
714 1602 823 1672 Ad
862 1605 1031 1683 baec
1074 1606 1132 1669 si
1162 1605 1303 1690 ipse
1348 1604 1655 1672 dominus
1701 1626 1818 1669 rex
1863 1625 1989 1671 nec
2032 1603 2332 1674 civitates
2380 1626 2568 1707 prae·

216 1690 398 1757 dictas
442 1691 605 1759 dare
649 1692 718 1757 in
764 1693 1061 1779 pignore,
1106 1712 1231 1759 nec
1296 1700 1529 1773 castra,
1576 1691 1976 1757 munitiones
2007 1699 2074 1756 et
2118 1712 2567 1779 possesslones

214 1777 581 1863 praedictas,
629 1800 801 1866 quae
824 1779 985 1845 mihi
1009 1780 1349 1863 debentur,
1408 1777 1612 1847 vellet
1671 1779 1840 1845 sicut
1885 1783 2236 1845 tractatum
2281 1787 2348 1846 et
2393 1778 2566 1846 ordi·

214 1876 413 1931 natum
456 1877 557 1933 est
582 1867 923 1951 assignare
956 1874 1021 1933 et
1045 1876 1498 1952 praesentare:
1541 1874 1816 1933 extunc
1847 1866 1974 1931 viri
1998 1864 2276 1949 nobiles,
2319 1864 2565 1935 Alber·

216 1962 303 2017 tus
358 1952 437 2019 de
496 1952 780 2030 Seberc,
842 1952 1232 2021 marscallus
1305 1954 1494 2039 regni
1562 1948 1944 2035 Bohemiae,
2015 1972 2168 2020 cum
2227 1960 2445 2021 castro
2505 1962 2572 2019 et

220 2039 457 2109 civitate
535 2036 851 2124 CadanO,
926 2051 992 2109 et
1049 2037 1437 2107 Ranuoldus
1496 2029 1578 2105 de
1639 2038 1972 2125 Nymans,
2042 2037 2434 2126 purgravius
2499 2040 2572 2105 in

210 2124 455 2215 Lepide,
502 2150 657 2194 cum
702 2126 932 2196 eodem
979 2137 1195 2195 castro
1240 2127 1336 2193 La
1381 2124 1491 2193 ide
1534 2133 1816 2193 etcastro
1861 2126 2094 2209 Raten,
2140 2126 2254 2213 qui
2296 2124 2573 2213 proinde

214 2222 271 2277 et
333 2237 448 2303 pro
521 2214 792 2281 domino
860 2236 1051 2301 rege,
1114 2222 1189 2282 ut
1269 2236 1311 2279 a
1362 2208 1640 2301 'npleret
1711 2211 2084 2301 praedicta,
2139 2214 2430 2299 jurando
2498 2213 2572 2282 in

214 2298 369 2387 ligno
435 2298 713 2369 Domini
772 2300 1197 2387 corporaliter
1262 2301 1721 2389 promiserunt,
1787 2299 1946 2365 mihi
2013 2296 2282 2367 obedire
2347 2310 2415 2367 et
2476 2300 2574 2367 in-

214 2386 456 2457 tendere
515 2387 943 2467 tenebuntur,
1006 2408 1351 2475 quousque
1410 2410 1505 2465 ea,
1566 2408 1737 2475 quae
1797 2408 1913 2475 per
1971 2382 2186 2475 ipsum
2233 2385 2571 2455 dominum

214 2496 409 2562 regem
454 2476 606 2544 fieri
652 2484 719 2541 et
777 2473 953 2541 adim
1004 2474 1122 2540 leri
1182 2473 1567 2557 debuerant,
1690 2482 1838 2540 rout
1895 2481 2176 2541 tractata
2235 2481 2390 2563 sunt
2457 2476 2569 2542 de-

214 2560 327 2628 bite
388 2562 881 2651 compleantur3
953 2498 1276 2629 Edezlaus
1350 2560 1547 2628 etiam
1623 2497 1706 2627 (ΓΘ
1773 2556 2144 2643 Sternberc,
2222 2561 2573 2649 Pragensis

214 2644 607 2737 burgravius,
653 2660 720 2716 et
760 2646 1032 2715 Heneco
1095 2646 1178 2715 de
1222 2648 1423 2715 Duba
1480 2670 1600 2735 pro
1646 2647 2076 2715 observandis
2121 2655 2186 2713 et
2228 2648 2385 2717 adin
2434 2648 2572 2717 len·

213 2734 299 2803 dis
350 2736 707 2839 praedictis
736 2748 883 2825 ‘per
940 2740 1156 2824 ipsum
1218 2735 1553 2802 dominum
1621 2756 1864 2821 regem,
1921 2732 2211 2821 jurando
2276 2736 2344 2802 in
2417 2739 2572 2823 igno

214 2834 402 2890 crucis
447 2824 838 2907 dominicae,
884 2844 1003 2912 pro
1045 2824 1191 2925 ipso
1236 2822 1499 2888 domino
1546 2844 1701 2909 rege
1747 2826 2203 2909 promiserunt.

364 2909 683 2999 (XVIII.)
729 2910 1037 2978 Ceterum
1085 2931 1300 2998 lpsum
1336 2908 1676 2975 dominum
1720 2931 1940 2995 regem
1979 2932 2073 2997 ¹ex
2119 2930 2297 2975 nunc
2341 2909 2410 2974 in
2457 2908 2570 2977 do·

213 2996 441 3063 minum
504 3020 727 3064 meum
803 2997 1089 3085 recipio,
1149 3008 1215 3063 et
1274 2995 1397 3062 sibi
1459 3018 1538 3063 ac
1599 2995 1952 3063 heredibus
2011 2996 2167 3079 suis,
2233 3002 2570 3083 tamquam

212 3086 355 3151 meis
397 3092 463 3153 et
506 3084 691 3151 feudi
738 3086 1039 3162 dominis,
1085 3082 1350 3150 obedire
1396 3092 1461 3149 et
1481 3084 1825 3150 intendere
1848 3084 2176 3171 promitte,
2222 3084 2240 3147 i
2294 3105 2569 3171 sumque

208 3179 267 3235 et
302 3171 579 3241 heredes
624 3172 767 3259 ejus
800 3174 1055 3324 {juvare
1097 3180 1165 3236 et
1208 3170 1339 3237 sibi
1386 3172 1694 3237 assistere
1739 3180 1969 3237 contra
1992 3106 2356 3258 quemlibet
2398 3173 2574 3258 prin-

210 3258 424 3344 cipem,
472 3268 541 3327 et
601 3281 795 3348 quem
825 3258 964 3326 ibet
1028 3258 1360 3326 hominem
1423 3256 1704 3324 fideliter
1764 3260 1940 3324 omni
2008 3279 2220 3345 posse,
2282 3258 2574 3345 quando·

210 3364 469 3434 cumque
498 3354 567 3415 et
580 3348 1121 3435 quotiescumque
1146 3366 1263 3433 per
1283 3348 1497 3433 ipsum
1523 3345 1628 3411 vel
1655 3344 1930 3411 heredes
1977 3367 2128 3411 suos
2155 3344 2338 3410 fuero
2364 3346 2574 3432 requi·

214 3434 396 3508 situs:
440 3434 572 3500 boc
616 3452 954 3521 expresso,
1003 3434 1238 3519 quodsi
1294 3432 1471 3498 infra
1538 3435 1855 3498 terminos
1915 3441 2239 3498 terrarum
2305 3454 2572 3498 suarum

210 3518 271 3582 in
313 3542 426 3586 suo
481 3542 596 3589 ero
634 3522 1033 3588 'constitutus
1078 3520 1367 3597 servitio,
1436 3516 1595 3584 mihi
1635 3529 1794 3585 tunc
1838 3527 1903 3585 et
1947 3521 2111 3585 meis
2156 3521 2227 3584 in
2273 3542 2392 3584 suo
2437 3542 2568 3586 ma·

211 3607 500 3673 uentibus
546 3608 833 3691 serviti0,
882 3628 1207 3693 expensas
1251 3615 1317 3673 et
1360 3608 1733 3673 necessaria
1764 3604 2054 3673 tribuere
2098 3628 2232 3672 non
2277 3616 2576 3690 tenetur;

211 3692 260 3755 si
312 3716 468 3762 vero·
524 3706 718 3761 extra
773 3702 981 3761 terras
1042 3714 1195 3760 suas
1252 3716 1401 3759 cum
1462 3694 1625 3759 meis
1683 3704 1750 3759 et
1793 3695 1862 3758 in
1907 3694 2049 3779 ejus
2093 3692 2460 3759 subsidium
2506 3701 2573 3759 et

214 3779 289 3843 ad
328 3783 471 3868 ejus
517 3783 807 3865 servitia,
868 3802 1016 3847 eum
1077 3781 1307 3848 eodem
1368 3780 1635 3846 domino
1681 3801 1854 3866 rege,
1899 3780 2008 3845 vel
2054 3779 2140 3845 ad
2183 3779 2566 3845 mandatum

213 3866 343 3964 ejus
383 3890 764 3957 processero
810 3869 951 3933 sine
994 3890 1095 3951 ee,
1141 3878 1300 3933 tunc
1325 3867 1483 3933 mihi
1526 3872 1670 3949 ipse
1711 3867 2015 3932 dominus
2059 3888 2180 3932 rex
2223 3866 2571 3934 subveniet

213 3974 277 4015 ιη
318 3976 395 4020 ex
438 3978 639 4023 ensis.

372 3982 619 4130 (pXIX.)
662 4042 813 4111 Hoc
855 4044 1070 4130 ipsum
1124 4041 1406 4107 heredes
1462 4041 1591 4107 mei
1644 4042 1790 4127 ipso
1855 4039 2124 4106 domino
2163 4042 2302 4129 regi
2348 4049 2414 4107 et
2457 4042 2570 4109 he-

216 4126 465 4195 redibus
511 4132 649 4197 suis
692 4129 910 4197 faces-e
951 4130 1372 4211 tenebuntur,
1431 4127 1982 4216 quandocumque
2023 4136 2089 4194 et
2131 4129 2568 4215 quotiescum.-

214 4234 331 4299 que
372 4216 971 4304 fuerint-requisiti.
1058 4217 1323 4286 Damna
1380 4236 1642 4304 quoque
1705 4215 1762 4279 si
1825 4233 1998 4303 quae
2061 4235 2183 4301 ego
2227 4215 2340 4283 vel
2383 4214 2570 4285 here·

218 4304 325 4367 des
363 4306 508 4388 mei,
552 4314 667 4373 aut
708 4304 1007 4374 homi-nos
1050 4306 1119 4369 in
1162 4304 1448 4371 servitiis
1492 4304 1629 4369 suis
1673 4303 2134 4389 receperimus,
2176 4301 2407 4371 eadem
2429 4304 2573 4393 ipso
