3150 5017
1437 319 1869 383 ...m-

401 552 410 559 .
457 492 604 556 *sive
666 487 747 556 de
782 490 934 575 jure
979 488 1118 553 sive
1179 510 1296 575 per
1354 488 1701 575 privilegia
1744 490 1883 555 sive
1926 510 2047 575 per
2088 488 2521 575 approbatam
2568 508 2855 553 consue·

465 577 760 641 tudinem
803 576 1188 660 acquisitae,
1249 582 1314 639 et
1371 574 1743 663 specialiter
1786 574 1955 657 illas,
2002 596 2165 661 quas
2208 576 2335 639 iste
2378 596 2501 640 rex
2545 595 2661 661 per
2703 576 2853 661 pri-

465 662 712 747 vilegia
755 682 874 726 sua
917 660 1238 726 ecclesiae
1273 659 1415 745 jam
1459 660 1675 725 dictae
1716 662 2061 742 concessit,
2104 661 2491 747 promittens
2534 659 2713 746 quod
2754 658 2857 725 de

458 748 917 836 jurisdictione
974 748 1366 811 rusticorum
1425 746 1512 813 ad
1571 745 1882 813 ecclesias
1948 769 2107 812 suae
2151 748 2468 813 dioecesis
2512 748 2855 834 pertinen·

463 836 627 899 tium
693 853 915 897 coram
978 832 1213 898 dilecto
1278 831 1413 897 filio
1473 842 1696 896 nostro
1756 832 1838 897 G.
1900 834 2111 897 sancti
2168 832 2495 898 Theodori
2562 833 2851 896 diacono

464 918 819 1000 cardinali,
880 918 1278 1003 apostolicae
1339 916 1514 982 sedis
1572 917 1817 1002 legate,
1870 917 1979 982 vel
2038 920 2186 1001 alio,
2248 919 2354 983 cui
2397 917 2521 983 hoc
2566 919 2850 983 commi-

465 1004 736 1075 tendum
799 1004 1198 1084 duxerimus,
1257 1004 1677 1071 exhibebitur
1722 1002 2021 1089 justitiae
2066 1008 2635 1091 complementum.
2721 1002 2851 1067 Di-

465 1092 644 1155 misit
731 1092 928 1155 etiam
954 1106 963 1113 ’
993 1098 1058 1156 et
1122 1093 1504 1174 recognovit
1582 1099 1939 1155 memorato
2018 1095 2325 1176 episcopo
2389 1099 2459 1156 et
2522 1087 2853 1157 ecclesiae

463 1176 778 1241 Boemiae
819 1182 1038 1241 omnia
1081 1175 1463 1266 spiritualia,
1509 1177 1974 1257 institutiones,
2020 1176 2203 1241 salvo
2228 1186 2649 1263 patronorum
2684 1175 2849 1259 jure

466 1269 871 1351 patronatus,
919 1270 986 1326 et
1029 1260 1501 1337 destitutiones,
1562 1262 1995 1327 correctiones
2055 1271 2119 1327 et
2153 1262 2407 1362 judicia
2451 1261 2851 1325 clericorum

470 1359 536 1414 et
581 1350 800 1413 omnia
843 1346 976 1412 alia
1019 1347 1403 1433 spiritualia,
1461 1348 1638 1413 inter
1694 1368 1862 1433 quae
1925 1348 2363 1414 visitationem
2410 1346 2851 1431 intelligimus

465 1443 535 1501 et
609 1433 914 1501 volumus
979 1434 1479 1519 comprehendi,
1563 1454 1641 1498 eo
1686 1432 1911 1507 salvo,
1976 1434 2153 1519 quod
2206 1433 2295 1499 de
2358 1432 2849 1507 Bolezlavensi‚

461 1520 858 1585 Melnicensi
901 1528 968 1584 et
1007 1520 1525 1584 Lutomericensi
1585 1520 2050 1605 praeposituris
2092 1518 2511 1585 exhibebitur
2543 1518 2851 1605 justitiae

515 1604 807 1673 lenitudo
867 1626 1091 1669 coram
1152 1604 1369 1690 legato
1427 1605 1571 1690 ipso
1624 1604 1733 1669 vei
1791 1605 1941 1686 alio,
2008 1605 2115 1672 cui
2180 1604 2376 1671 fuerit
2430 1603 2515 1671 ab
2559 1604 2848 1691 Aposto-

465 1630 596 1759 fica
657 1690 817 1757 sede
876 1691 1312 1757 commissum.
1398 1690 1504 1755 De
1569 1690 1840 1757 decimis
1904 1713 2063 1755 vero
2128 1692 2426 1777 promisit
2482 1692 2654 1775 regis
2720 1712 2845 1755 no-

465 1779 644 1843 mine
689 1798 768 1841 ac
809 1776 1129 1841 baronum
1147 1822 1166 1857 ,
1212 1776 1384 1863 quod
1431 1778 1625 1862 plene
1667 1798 1747 1841 ac
1788 1779 2041 1861 integre
2084 1777 2345 1843 solvent
2382 1799 2500 1842 eas
2542 1777 2848 1862 praefato

464 1864 884 1949 episcopoet
925 1860 1245 1930 ecclesiae
1295 1884 1456 1927 suae
1505 1882 1585 1927 ac
1641 1862 1789 1927 aliis
1846 1862 2141 1929 ecclesiis
2180 1871 2253 1929 et
2292 1866 2591 1949 personis
2632 1862 2849 1927 eccle-

465 1951 766 2032 siasticis,
825 1948 995 2013 sicut
1054 1948 1136 2015 de
1189 1950 1345 2035 jure
1416 1948 1773 2035 debentur;
1817 1949 2076 2034 justitia
2134 1948 2216 2015 de
2273 1948 2501 2037 populi
2566 1948 2847 2015 decimis

465 2046 604 2107 tam
648 2032 732 2103 de
771 2036 1146 2121 praeteritis
1191 2056 1388 2121 quam
1431 2034 1671 2102 futuris
1716 2056 1937 2103 coram
1993 2034 2223 2104 eodem
2286 2036 2503 2121 legato
2548 2034 2659 2101 vel
2702 2034 2843 2099 alio

465 2123 574 2187 cui
638 2120 801 2187 baec
865 2124 1380 2187 commiserimus
1458 2120 1785 2186 facienda.
1898 2121 2143 2187 Omnia
2209 2142 2513 2208 quaeque
2574 2119 2849 2209 privile·-

465 2209 575 2295 gia
631 2216 767 2272 tam
824 2208 1267 2272 Romanorum
1335 2206 1751 2295 pontificum,
1828 2227 2022 2291 quam
2079 2209 2545 2293 imperatorum
2607 2216 2676 2272 et
2738 2228 2843 2271 re-

465 2316 626 2381 gum
670 2293 984 2360 Boemiae
1025 2314 1107 2359 ac
1151 2292 1394 2360 ducum
1438 2293 1548 2357 vel
1616 2292 1893 2359 aliorum
1936 2293 2251 2359 ‘ecclesiis
2311 2314 2623 2360 concessa
2681 2289 2842 2358 boe·

473 2382 680 2459 micis,
727 2380 782 2442 si
827 2387 1072 2459 extant,
1118 2380 1545 2443 restituentur
1590 2379 1703 2461 eis,
1749 2400 2025 2464 quorum
2071 2380 2274 2445 fuisse
2294 2388 2659 2449 noscuntur
2683 2400 2841 2444 cum

469 2463 1000 2551 possessionibus
1022 2509 1040 2546 ,
1087 2486 1256 2549 quae
1295 2465 1383 2529 ad
1429 2466 1827 2549 Pragensem
1869 2474 1941 2532 et
1982 2464 2148 2529 alias
2214 2466 2526 2531 ecclesias
2586 2474 2653 2531 et
2696 2486 2845 2551 per-

472 2572 670 2616 >sonas
712 2549 1194 2625 ecclesiasticas
1241 2552 1568 2635 pertinere
1594 2560 1659 2615 et
1682 2572 1825 2616 esse
1861 2550 2119 2617 ablatae
2165 2561 2543 2617 noscuntur.
2591 2551 2853 2632 Quodsi

466 2635 820 2725 *privilegia
863 2637 1069 2723 ipsius
1093 2638 1286 2720 ,regis
1331 2635 1438 2701 vel
1485 2637 2062 2724 praedecessorum
2106 2658 2373 2703 suorum
2420 2660 2553 2703 non
2607 2645 2844 2702 extant

473 2723 582 2788 vel
629 2730 784 2786 sunt
827 2722 994 2787 forte
1040 2720 1378 2807 deperdita
1401 2772 1419 2804 ,
1487 2746 1609 2788 rex
1652 2733 1805 2788 ante
1849 2723 2321 2789 relaxationem
2368 2724 2843 2789 sententiarum

464 2810 1168 2879 excommunicat-ionis
1211 2818 1292 2897 εἰς,
1317 2809 1669 2890 interdicti,
1714 2830 1881 2895 quae
1928 2820 2081 2873 sunt
2114 2810 2183 2875 in
2206 2812 2423 2896 ipsum
2462 2820 2525 2875 et
2558 2809 2845 2874 barones

475 2917 553 2960 ac
595 2896 872 2981 regnum
911 2894 1061 2979 ejus
1105 2894 1414 2981 prolatae,
1460 2895 1672 2960 eidem
1717 2896 2109 2960 restaurabit
2152 2896 2509 2960 secundum
2542 2904 2842 2960 tenorem

471 3004 666 3073 quem
713 2983 926 3047 dictus
972 2982 1314 3067 episcopus
1359 3003 1477 3046 suo
1523 2983 1916 3067 expresserit
1951 2983 2343 3067 juramento,
2424 2982 2493 3047 Si
2539 3004 2693 3047 vero
2738 3001 2845 3063 ea,

474 3090 642 3154 quae
685 3090 820 3132 non
865 3077 1019 3132 sunt
1063 3088 1184 3130 sua
1228 3065 1334 3131 vel
1380 3066 1960 3153 praedecessorum
2000 3089 2285 3149 suorum,
2324 3078 2475 3132 sunt
2500 3065 2846 3153 deperdita
2922 3070 2933 3079 “

475 3154 583 3219 vel
630 3154 976 3233 destructa,
1023 3152 1208 3216 dabit
1251 3174 1514 3238 operam
1561 3152 1737 3217 bona
1781 3154 1937 3235 fide,
1984 3164 2057 3217 ut
2089 3151 2329 3219 ‘eadem
2374 3161 2841 3219 restaurentur.

649 3238 776 3303 Pro
794 3238 896 3301 his
913 3247 1128 3303 autem
1175 3243 1243 3301 in
1287 3248 1677 3326 perpetuum
1702 3239 2129 3304 observandis
2162 3248 2316 3304 ante
2362 3239 2842 3303 relaxationem

475 3325 948 3389 sententiarum
991 3324 1278 3407 ipsarum
1325 3324 1767 3410 praestabitur
1810 3347 1897 3390 ex
1938 3333 2123 3413 parte
2166 3326 2339 3411 regis
2404 3334 2469 3391 et
2522 3324 2845 3389 baronum

471 3410 809 3475 sufficiens
871 3410 1086 3474 cautio
1149 3410 1507 3475 secundum
1556 3410 1937 3475 mandatum
1990 3418 2329 3493 nostrum,
2390 3410 2565 3497 quod
2626 3410 2847 3495 legato

472 3496 747 3584 fecimus
795 3495 1203 3581 saepedict0‚
1249 3517 1380 3582 qua
1423 3499 1740 3583 praestita
1785 3497 1995 3561 dictae
2041 3498 2403 3565 sententiae
2448 3496 2845 3562 relaxentur.

647 3587 1022 3646 Nos‘autem
1047 3581 1364 3647 habentes
1383 3596 1526 3647 rata
1549 3583 1902 3669 praedicta,
1935 3606 2019 3647 ne
2044 3584 2201 3669 quid
2228 3584 2321 3648 eis
2346 3582 2516 3647 desit
2539 3582 2623 3648 ad
2648 3580 2851 3646 robur

466 3669 806 3759 plenariae
850 3667 1200 3749 firmitatis,
1242 3666 1324 3733 de
1371 3670 1647 3750 consilio
1672 3670 1947 3735 fratrum
1987 3679 2359 3746 nostrorum
2392 3672 2847 3733 auctoritatem

467 3764 759 3821 nostram
788 3754 1165 3839 adjecimUS,
1215 3754 1640 3819 decernentes
1666 3777 1743 3819 ea
1780 3757 1847 3819 in
1889 3765 2276 3841 perpetuum
2315 3754 2617 3821 valitura.
2660 3753 2851 3819 Nulli

471 3854 626 3925 ergo
675 3842 941 3905 omnino
985 3838 1325 3904 bominum
1373 3840 1575 3904 liceat
1621 3841 1790 3905 hanc
1836 3843 2143 3927 paginam
2188 3851 2448 3906 nostrae
2482 3842 2849 3907 constituti-

470 3928 618 3991 onis
663 3924 1037 4013 infringere,
1083 3924 1191 3991 vel
1237 3928 1298 3990 ei
1343 3947 1509 3991 ausu
1550 3927 1896 3992 temerario
1943 3927 2290 4004 contraire.
2340 3929 2409 3992 si
2455 3928 2602 4017 quis
2626 3937 2849 3991 autem

461 4012 594 4078 hoc
637 4014 958 4077 'attentare
1003 4014 1487 4097 praesumserit,
1537 4014 2055 4097 indignationem
2101 4016 2570 4099 omnipotentis
2610 4014 2741 4078 Dei
2784 4020 2851 4077 et

463 4097 807 4163 beatorum
832 4097 1010 4162 Petri
1053 4107 1117 4164 et
1161 4098 1350 4163 Pauli
1389 4098 1829 4185 apostolorum
1862 4100 2005 4187 ejus
2031 4122 2100 4165 se
2124 4103 2381 4165 noverit
2402 4101 2845 4165 incursurum.

642 4184 858 4251 Datae
903 4183 1211 4250 Laterani
1258 4192 1318 4249 3.
1362 4186 1524 4251 Idus
1567 4186 1885 4269 Januarii,
1944 4186 2367 4253 Pontificatus
2412 4188 2619 4251 nostri
2667 4204 2847 4252 anno

471 4270 721 4356 quinto.
