3150 5017
1478 295 1961 362 ...102-

541 484 772 562 postea
809 469 1198 559 subjacebit.
1247 470 1478 554 §.esi
1521 490 1679 536 vero

543 562 648 626 vir
721 570 837 625 aut
902 560 1134 624 mulier
1199 580 1346 623 cum
1409 557 1683 622 vulnere

546 649 847 733 effugerit
889 657 956 712 et
995 656 1224 733 postea
1251 643 1489 731 aliquis
1534 643 1682 708 illo-

543 756 689 800 rum
737 734 1044 800 detentus
1087 733 1314 797 fuerit:
1347 735 1402 796 si
1433 739 1685 818 septem

543 820 819 888 testibus
858 823 1072 886 victus
1103 819 1318 900 fuerit,
1344 821 1688 884 convictus

543 931 700 976 vero
747 907 1013 994 capitali
1075 908 1400 972 sententia
1460 904 1683 991 subja·

547 995 740 1062 cebit.
789 999 850 1076 ξ.
877 995 937 1060 5.
965 993 1034 1058 Si
1058 993 1295 1080 aliquis
1327 991 1685 1077 legitimam

545 1082 848 1147 habuerit
889 1089 956 1146 et
985 1083 1130 1168 ipsa
1151 1079 1419 1145 vivente
1443 1081 1513 1144 in
1539 1077 1687 1142 aliis

547 1169 710 1234 locis
775 1167 974 1233 aliam
1053 1165 1555 1254 superduxerit:
1632 1165 1688 1228 si

549 1255 890 1320 convictus
949 1253 1166 1335 fuerit,
1236 1251 1687 1318 decollabitur.

551 1347 614 1425 ξ.
657 1343 715 1406 6.
746 1341 835 1406 Et
859 1343 913 1404 si
938 1343 1084 1427 quis
1109 1341 1464 1426 legitimam
1501 1359 1686 1403 suam

551 1430 694 1494 sine
738 1429 910 1512 iusto
947 1428 1202 1513 judicio
1247 1425 1687 1492 interfecerit:

548 1512 876 1602 spirituali
929 1515 1201 1597 judicio·
1244 1511 1687 1598 respondebit.

721 1599 1086 1664 XXXVII.
1133 1599 1201 1664 Si
1245 1601 1392 1684 quis
1417 1597 1690 1663 infama-

551 1697 656 1752 tus
703 1686 902 1750 fuerit
947 1685 1122 1772 quod
1165 1689 1436 1750 nocivos
1481 1683 1689 1748 homi-

442 1788 450 1796 ·
551 1793 672 1837 nes
715 1781 955 1853 teneat,
1001 1773 1178 1838 fures
1203 1780 1268 1838 et
1301 1772 1593 1838 latrones
1626 1778 1693 1836 et

553 1860 718 1924 alios
739 1857 1286 1946 qualescumque:
1317 1859 1532 1946 prima
1545 1858 1691 1923 vice

565 1946 959 2010 ammonitus
1021 1943 1198 2010 solus
1257 1941 1695 2027 excusabitur,

557 2032 846 2098 secunda
891 2034 1272 2110 mettertius,
1319 2034 1511 2098 tertia
1533 2039 1693 2096 met-

560 2128 849 2206 quartus,
897 2127 1128 2206 quarta
1175 2120 1228 2184 si
1253 2121 1560 2184 inventus
1591 2117 1693 2182 fu-

478 2289 481 2291 ·
555 2208 699 2287 erit,
748 2207 1074 2271 consimili
1135 2207 1458 2272 sententia
1499 2205 1693 2291 puni-

555 2301 724 2357 atur.

735 2459 1086 2530 XXXVIII.
1153 2463 1224 2529 Si
1287 2465 1432 2550 quis
1501 2461 1698 2527 alicui

559 2550 762 2615 filiam
811 2572 992 2614 suam
1041 2549 1407 2635 deduxerit,
1454 2559 1518 2616 et
1549 2571 1694 2614 cum

556 2639 706 2723 ipsa
751 2637 1052 2702 detentus
1095 2638 1311 2719 fuerit,
1360 2637 1477 2702 tali
1504 2635 1697 2701 modo

553 2719 992 2810 judicabitur:
1033 2723 1260 2789 ‘Judex
1303 2725 1554 2789 vocatis
1591 2723 1698 2808 ju-

561 2812 722 2875 ratis
767 2809 1022 2876 civibus
1066 2820 1132 2876 et
1175 2812 1424 2885 amicis,
1467 2809 1605 2874 filia
1626 2812 1697 2873 in

561 2897 778 2962 medio
826 2905 1146 2964 statuetur
1197 2897 1405 2964 libera
1421 2909 1450 2978 ,‘
1498 2895 1698 2960 nullis

561 2981 684 3048 sibi
709 2984 906 3048 minis
929 2985 1274 3069 impositis,
1311 2985 1454 3048 viro
1478 2991 1697 3046 tamen

562 3079 942 3157 praesente,
1001 3079 1076 3134 ut
1144 3091 1292 3134 cum
1360 3068 1699 3135 voluntate

567 3178 690 3221 sua
733 3155 932 3221 vadat
978 3156 1063 3220 ad
1127 3177 1318 3244 quem
1379 3155 1697 3236 voluerit3

565 3245 618 3306 si
665 3240 750 3306 ad
793 3244 1006 3310 virum
1053 3242 1208 3324 ibit,
1267 3241 1523 3307 nullum
1561 3243 1701 3306 erit

555 3328 902 3414 judicium,
950 3331 1004 3394 si
1040 3338 1266 3393 *autem
1315 3329 1400 3393 ad
1453 3330 1699 3394 amicos

572 3416 740 3496 ierit,
786 3416 890 3480 vir
935 3415 1386 3480 decollabitur.

739 3587 1031 3656 XXXIX.
1118 3587 1192 3652 Si
1235 3587 1410 3652 filius
1453 3586 1564 3653 vel
1622 3587 1699 3652 fi·
1796 3626 1806 3631 *-

576 3675 668 3740 lia
713 3674 996 3760 alicujus
1019 3674 1302 3740 hominis
1319 3675 1699 3760 religionem

563 3762 910 3826 intraverit
969 3769 1033 3825 et
1093 3761 1426 3846 professus
1471 3761 1700 3826 fuerit:

555 3857 712 3932 post
757 3856 1032 3913 mortem
1077 3858 1422 3934 pareutum
1469 3847 1552 3912 de
1584 3847 1700 3911 bo·-

565 3934 670 3996 nis
713 3936 1004 4018 ipsorum
1049 3935 1214 4000 nihil
1258 3934 1547 4016 habebit,
1573 3935 1701 3998 nisi

569 4019 736 4084 sicut
759 4021 870 4085 alii
893 4042 1216 4108 pauperes
1239 4022 1400 4088 Jesu
1435 4020 1700 4087 Christi.

743 4192 878 4258 XL.
981 4194 1394 4297 Quicumque
1493 4194 1701 4260 filium

564 4277 670 4344 vel
719 4277 920 4344 filiam
956 4281 1092 4345 ·vel
1138 4305 1420 4347 amicum
1495 4281 1700 4348 alicu-

1788 468 2115 558 probabit‚
2134 476 2198 535 et
2229 467 2393 533 nulli
2410 467 2651 534 exinde
2672 487 2925 554 poenae

1790 556 2181 644 subjacebit.
2228 561 2290 640 ξ.
2306 557 2367 620 4.
2416 553 2489 620 Si
2510 566 2669 620 vero
2694 555 2799 619 vir
2812 562 2926 619 aut

1792 644 2019 730 aliqua
2036 663 2463 746 personarum
2482 660 2629 706 cum
2650 640 2924 706 vulnere

1790 732 2114 816 effugerit,
2148 739 2211 796 et
2256 737 2486 816 postea
2500 729 2769 794 detenta
2786 727 2923 792 fue·

1788 820 1902 882 rit:
1928 825 2175 904 septem
2192 816 2471 882 testibus
2486 817 2811 896 convicta,
2826 835 2924 878 ca·

1788 904 1976 988 pitali
1996 905 2360 970 sententiae
2378 902 2771 989 subjacebit.
2786 905 2845 983 ἓ.
2862 903 2923 966 5.

1789 991 1958 1056 Item
2020 992 2075 1054 si
2136 992 2281 1077 quis
2322 989 2678 1075 legitimam
2725 987 2926 1053 habu-

1790 1079 1929 1160 erit,
1976 1085 2042 1142 et
2086 1099 2165 1144 ea
2208 1079 2473 1143 vivente
2518 1077 2586 1140 in
2617 1075 2748 1140 alio
2783 1074 2924 1139 loco

1793 1163 1987 1228 aliam
2052 1163 2535 1249 superduxerit,
2588 1164 2925 1226 convictus

1794 1249 2155 1316 decolletur
2237 1255 2299 1332 ἓ.
2344 1251 2403 1315 6.
2471 1250 2637 1314 Item
2684 1250 2739 1313 si
2786 1249 2927 1334 quis

1794 1337 2151 1422 legitimam
2200 1359 2383 1404 suam
2432 1339 2573 1402 sine
2609 1337 2797 1422 justo
2825 1335 2923 1421 ju·

1796 1423 1967 1490 dicio
2013 1424 2433 1505 interfecerit,
2481 1421 2811 1510 spirituali
2826 1424 2926 1507 ju·

1795 1509 1967 1576 dicio
2010 1507 2454 1596 respondebit.
2524 1525 2541 1530 “

1915 1613 1927 1636 ²
1968 1597 2327 1662 XXXVII.
2388 1598 2489 1661 De
2542 1595 2715 1661 malo
2756 1596 2929 1682 insa-

1794 1695 1979 1748 mato.
2026 1684 2096 1749 Si
2142 1685 2287 1770 quis
2330 1684 2687 1749 infamatus
2717 1682 2930 1762 fuerit,

1796 1771 1969 1854 quod
2014 1773 2285 1836 nocivos
2340 1770 2638 1835 homines
2690 1777 2928 1848 teneat,

1794 1858 1973 1922 fures
2020 1866 2085 1922 et
2104 1857 2417 1922 ‘latrones
2462 1860 2549 1939 et}
2578 1853 2744 1921 alies
2774 1875 2926 1942 qua-

1794 1942 2199 2030 lescumque:
2243 1946 2453 2030 prima
2504 1945 2651 2009 vice
2710 1942 2927 2007 admo-

1798 2032 1995 2113 nitus,
2042 2031 2219 2095 solus
2280 2029 2775 2116 expurgabitur,
2837 2049 2927 2092 se·

1798 2117 2015 2182 cundo
2058 2120 2466 2193 met-tertius,
2524 2119 2717 2182 tertio
2770 2123 2927 2180 met·

1800 2212 2093 2290 quartus,
2126 2213 2359 2290 quarto
2403 2205 2458 2269 si
2492 2206 2806 2269 inventus
2834 2201 2927 2266 fu·-

1802 2293 1944 2373 erit,
1999 2291 2321 2355 consimili
2374 2291 2701 2357 sententia
2742 2288 2925 2377 puni·

1802 2386 1969 2442 atur.

1974 2463 2342 2530 XXXVIII.
2373 2465 2473 2528 De
2493 2483 2735 2528 recessu
2748 2460 2929 2546 filiae

1804 2550 2098 2636 alicujus.
2192 2551 2262 2617 Si
2308 2552 2454 2638 quis
2500 2550 2687 2617 alteri
2732 2548 2926 2613 filiam

1802 2658 1987 2705 suam
2034 2639 2399 2721 deduxerit,
2446 2649 2513 2704 et
2542 2659 2689 2702 cum
2712 2655 2795 2701 ea
2822 2633 2925 2698 de-

1802 2732 2023 2788 tentus
2066 2725 2280 2805 fuerit,
2331 2725 2451 2790 tali
2514 2723 2709 2788 modo
2759 2719 2925 2824 Judi·

1802 2819 2021 2877 cetur:
2068 2811 2289 2877 Judex
2311 2813 2561 2877 vocatis
2574 2812 2817 2896 juratis
2846 2809 2924 2871 ci-

1799 2895 1997 2961 vibus
2041 2907 2108 2962 et
2152 2900 2399 2982 amicis,
2445 2898 2583 2962 filia
2624 2899 2695 2960 in
2718 2893 2925 2961 medie

1802 2991 2127 3048 statuetur
2172 2985 2399 3066 libera,
2424 2983 2625 3048 nullis
2656 2982 2783 3048 sibi
2812 2980 2922 3044 mi-

1804 3071 1905 3132 nis
1953 3071 2295 3159 impositis,
2341 3073 2485 3137 viro
2504 3080 2729 3135 tamen
2752 3085 2922 3156 prae-

1804 3165 2023 3237 sente;
2117 3166 2183 3222 et
2262 3157 2529 3246 propria
2600 3155 2923 3220 voluntate

1803 3241 2007 3307 vadat
2048 3243 2133 3308 ad
2178 3263 2371 3330 quem
2406 3243 2740 3323 ‚voluerim
2768 3243 2822 3306 si
2848 3237 2923 3304 ad

1802 3330 2015 3392 virum
2078 3331 2257 3412 ierit,
2331 3329 2585 3396 nullum
2654 3329 2924 3415 sequitur

1796 3415 2157 3500 judicium3
2220 3419 2275 3480 si
2334 3417 2420 3482 ad
2464 3418 2710 3481 amicos
2772 3414 2921 3491 ierit,

1801 3502 1907 3572 vir
1952 3495 2330 3568 decolletur.
2814 3499 2823 3507 ’

1978 3589 2271 3655 XXXIX.
2364 3591 2463 3654 De
2516 3590 2799 3654 ‘imanes
2836 3603 2920 3649 re·

1794 3674 2115 3760 vliyionem.
2162 3675 2233 3740 Si
2278 3675 2453 3742 filius
2496 3675 2605 3740 vel
2649 3675 2791 3739 filia
2824 3671 2921 3736 ali·

1806 3762 1998 3847 cujus
2042 3761 2422 3848 relig-ionem
2466 3762 2828 3840 intraverit,
2868 3763 2922 3820 et

1808 3847 2143 3934 professus
2184 3848 2411 3915 fuerit:
2458 3857 2606 3936 post
2667 3854 2920 3913 mortem

1853 3943 2147 4000 arentum
2197 3935 2277 4000 de
2323 3936 2515 4000 bonis
2560 3955 2789 4000 eorum
2838 3929 2919 3994 ni-

1806 3958 1899 4084 gil
1944 4019 2231 4098 habebit,
2278 4024 2405 4087 nisi
2452 4025 2621 4087 sicut
2643 4020 2759 4086 alii
2784 4039 2918 4107 pau-

1807 4129 1995 4194 peres
2040 4109 2199 4176 Jesu
2246 4108 2507 4174 Christi.
2667 4142 2703 4162 .-

1976 4195 2112 4261 XL.
2259 4197 2360 4259 De
2502 4194 2917 4262 seductorem.

1810 4281 2220 4369 Quicumque
2280 4282 2489 4348 filium
2546 4283 2655 4348 vel
2719 4281 2917 4358 filiam,
