3150 5017
552 305 825 361 m.1v.
1504 286 1976 354 -422—

556 460 905 523 dominicis
928 468 992 525 et
1016 459 1289 541 festivis,
1336 460 1446 545 qui
1489 460 1991 547 praecipiuntur
2034 478 2154 545 per
2195 456 2634 525 reverendum
2681 458 2931 522 clerum

360 543 397 589 ⁸
472 574 499 613 ε
552 545 623 609 in
670 545 965 611 eeclesiis
1032 546 1462 633 solempniter
1510 546 1870 630 celebrari;
1937 556 2006 611 et
2064 544 2228 611 haec
2270 554 2572 630 tempora
2615 544 2931 631 deinceps

551 634 620 697 in
688 632 995 697 omnibus
1061 632 1393 699 montibus
1453 655 1572 721 pro
1639 634 1836 699 certis
1901 632 2083 697 feriis
2149 629 2533 697 habeantur.
2602 630 2932 697 Omnibus

551 728 767 784 autem
814 717 964 783 aliis
1006 720 1416 806 temporibus
1474 719 1726 785 licitum
1771 721 1876 797 sit,
1930 716 2255 805 judicium
2315 719 2720 784 ordinarium
2783 738 2932 781 cum

550 804 855 869 omnibus
901 806 1039 870 suis
1086 804 1384 893 partibus
1430 807 1742 873 exerceri.
1830 805 1920 870 Et
1963 806 2060 869 sic
2101 804 2414 871 traditum
2459 812 2562 869 est
2605 826 2646 869 a
2669 804 2929 890 sapien-

550 889 727 956 tibus
770 898 903 957 tam
940 893 1116 977 juris
1178 892 1479 957 canonici
1613 914 1762 957 uam
1829 890 2063 967 civilis,
2123 902 2198 956 ut
2239 891 2420 975 exigi
2462 892 2676 977 possit
2707 890 2932 975 jusju-

547 976 825 1042 randum
876 980 1051 1043 omni
1098 987 1392 1064 tempore
1427 980 1565 1066 juri
1615 980 1718 1043 ico
1763 986 1831 1044 et
1888 979 2240 1065 praestari3
2307 999 2442 1043 non
2487 978 2664 1043 enim
2699 978 2934 1062 jurare

546 1072 649 1130 est
690 1072 1057 1152 peccatum,
1102 1064 1220 1129 sed
1265 1064 1569 1151 pejurare
1615 1066 1792 1131 omni
1837 1074 2134 1150 tempore
2179 1073 2281 1131 est
2323 1064 2774 1130 interdictum.

1494 1311 1669 1393 Gap.
1713 1308 1972 1377 xvm.

1146 1442 1154 1450 ·
1222 1410 1323 1474 De
1364 1413 1683 1477 sententiis
1728 1422 1785 1475 et
1825 1434 1897 1476 re
1921 1411 2248 1499 judicata.

719 1582 831 1648 Da
872 1583 1083 1667 nobis,
1127 1582 1430 1661 Domine,
1468 1583 1682 1670 judex
1729 1584 2116 1669 justissime,
2162 1583 2416 1649 sedium
2464 1591 2724 1647 tuarum
2771 1584 2935 1647 assi-

546 1671 845 1749 stricem,
912 1672 1338 1757 sapientiam,
1458 1679 1743 1735 uatenus
1803 1671 1948 1771 ejus
2015 1669 2370 1757 illuminati
2439 1669 2684 1735 virtute
2751 1667 2933 1733 hunc

546 1765 775 1821 contra
818 1754 981 1821 alias
1024 1765 1373 1823 tractatum
1466 1778 1503 1822 e
1548 1758 1894 1823 sententiis
1965 1757 2168 1822 totins
2208 1757 2378 1842 juris
2423 1756 2931 1843 quaestionibus

545 1840 1067 1926 concludentem,
1104 1847 1301 1929 juxta
1322 1842 1490 1908 illud
1527 1852 1972 1930 praeceptum,
1999 1842 2284 1911 seilicet:
2335 1842 2416 1928 „J
2419 1853 2565 1909 uste
2599 1841 2929 1929 judicate,

544 1928 663 1993 filii
711 1928 1113 2011 hominum,“
1163 1931 1387 1995 taliter
1430 1950 1857 2016 exequamur,
1917 1938 1992 1995 ut
2035 1950 2286 2011 omnes,
2333 1952 2498 2019 quos
2557 1938 2678 1995 tua
2720 1930 2930 1995 bene-

541 2016 790 2102 gnitate
851 2026 1075 2081 nostro
1145 2018 1450 2101 regimini
1491 2018 1899 2100 commisisti,
1961 2018 2328 2084 esurientes
2371 2027 2439 2083 et
2480 2017 2786 2082 sitientes
2825 2018 2928 2103 ju-

542 2102 789 2167 stitiam
834 2124 953 2189 per
996 2114 1286 2169 nostram
1348 2102 1831 2169 ordinationem
1891 2104 2374 2190 complemento
2433 2102 2672 2191 plenae
2727 2103 2927 2191 justi-

538 2190 669 2255 tiae
712 2190 1052 2271 satientur,
1112 2200 1177 2256 et
1221 2191 1416 2255 etiam
1476 2191 1544 2254 in
1609 2199 1831 2255 nostro
1883 2193 2150 2255 nomine
2184 2188 2568 2275 judicantes
2611 2188 2700 2255 ab
2747 2191 2926 2254 omni

536 2277 921 2341 irreverenti
967 2285 1034 2342 et
1074 2275 1422 2363 inpudenti
1466 2277 1688 2341 animo
1731 2298 2218 2359 conservemus,
2280 2286 2354 2341 ut
2413 2274 2924 2343 saluberrimum

536 2372 957 2449 praeceptum
1002 2372 1187 2429 tuum
1232 2370 1616 2428 reverenter
1658 2363 2008 2450 utrobique
2041 2363 2413 2449 impleatur,
2457 2384 2542 2427 ne
2585 2364 2699 2427 isti
2721 2364 2922 2428 etiam

535 2456 761 2514 nostro
820 2450 1127 2533 regimini
1188 2449 1627 2515 commendati
1689 2471 1838 2515 cum
1897 2450 2032 2515 illis
2080 2448 2507 2537 judicialiter,
2575 2470 2752 2537 quae
2815 2449 2924 2513 hic

535 2535 862 2600 sententia
906 2544 1025 2616 est,
1068 2536 1138 2600 in
1186 2557 1315 2622 qua
1352 2536 1688 2603 laeserunt
1729 2545 1814 2618 te,
1861 2536 2331 2623 dampnatione
2389 2545 2710 2623 perpetua
2746 2535 2922 2622 judi·

536 2630 785 2687 centur.
830 2620 1029 2687 Unde
1052 2620 1347 2687 volentes
1390 2632 1663 2709 paterne
1699 2623 1999 2709 utrisque
2029 2624 2502 2689 monitionibus
2548 2623 2922 2709 providere,

531 2707 897 2789 statuendo,
961 2715 1037 2773 ut
1093 2707 1354 2793 judices
1424 2718 1489 2775 et
1527 2710 1731 2793 jurati
1794 2710 2006 2798 solum
2076 2717 2161 2792 te,
2231 2710 2450 2777 Deum
2495 2708 2918 2775 Salvatorem

432 2794 441 2803 ’
535 2802 853 2877 nostrum,
900 2795 1013 2880 qui
1058 2816 1373 2881 praesens
1418 2818 1487 2861 es
1532 2797 1604 2861 in
1650 2798 1828 2861 omni
1868 2795 2141 2885 judicio,
2201 2818 2361 2885 prae
2400 2796 2632 2887 loculis
2674 2794 2920 2862 habeat

533 2882 887 2967 praecipue
931 2882 1001 2944 in
1049 2883 1391 2947 sententiis
1436 2882 1868 2968 proferendis.

704 2971 768 3049 ξ.
822 2968 876 3031 1.
926 2967 1145 3033 Primo
1193 2968 1391 3035 debet
1427 2968 1643 3056 judex
1688 2970 1771 3035 de
1825 2969 2170 3035 sententiis
2215 2990 2532 3056 quaerere
2577 2992 2618 3035 a
2653 2970 2918 3055 juratis,

534 3052 721 3118 nullo
764 3064 1187 3141 praepostero
1235 3055 1464 3121 ordine
1496 3064 1794 3136 servat03
1843 3055 1962 3121 sed
2007 3076 2130 3120 nec
2152 3055 2402 3133 favore,
2443 3056 2614 3138 odio,
2659 3058 2916 3139 timore,

529 3142 841 3227 praemio,
888 3141 993 3205 vel
1020 3144 1479 3228 expectatione
1505 3144 1778 3227 praemii
1804 3163 2002 3206 unam
2051 3152 2302 3229 partem
2351 3140 2540 3207 alteri
2585 3142 2918 3229 praeferat

530 3236 644 3292 aut
687 3236 1069 3313 praeponat,
1114 3249 1326 3315 aequa
1371 3250 1528 3294 vero
1572 3227 1763 3294 lance
1809 3228 2142 3315 procedat,
2203 3236 2276 3293 ut
2311 3228 2449 3316 jam
2497 3228 2746 3295 dictum
2796 3236 2910 3311 est,

531 3326 793 3379 omnem
840 3314 1139 3379 ordinem
1183 3324 1677 3401 praeposterum
1723 3314 2158 3391 excludendo.

703 3405 764 3483 ξ.
809 3401 869 3465 2.
960 3400 1101 3465 Nec
1145 3402 1339 3466 etiam
1387 3410 1662 3489 quaerat
1705 3404 2100 3467 sententiam
2146 3401 2230 3466 ab
2274 3398 2390 3468 illo
2429 3402 2670 3487 jurato,
2718 3423 2909 3488 quem

529 3488 791 3552 noverit
834 3488 1001 3573 parti
1048 3486 1165 3568 illi,
1216 3510 1333 3572 pro
1400 3510 1533 3575 qua
1576 3489 1917 3574 quaeritur
1981 3488 2329 3569 sententia,
2391 3490 2602 3575 magis
2649 3489 2906 3569 faver03

533 3595 610 3637 eo
657 3573 835 3661 quod
880 3574 949 3637 in
1000 3573 1257 3639 ‘udiciis
1302 3583 1405 3640 est
1448 3576 1666 3639 omnis
1713 3576 2002 3661 suspicio
2048 3573 2523 3641 submovenda.

702 3664 764 3741 ξ.
813 3661 871 3724 3.
1006 3666 1172 3724 urati
1218 3669 1458 3737 autem,
1504 3684 1545 3725 a
1589 3660 1830 3747 quibus
1874 3662 2088 3727 omnis
2147 3662 2392 3727 veritas
2437 3663 2908 3727 sententiarum

530 3744 878 3831 dependet,
939 3747 1158 3831 justas
1218 3747 1614 3833 proferendo
1677 3748 2033 3813 sententias
2093 3768 2240 3812 cum
2303 3749 2484 3812 omni
2543 3750 2909 3815 reverentia

525 3840 948 3917 praeceptum
994 3831 1394 3897 dominicum
1442 3840 1878 3919 exequantur,
1925 3854 2010 3898 ne
2034 3841 2110 3898 ut
2183 3833 2547 3899 raedictum
2591 3842 2710 3917 est,
2759 3855 2904 3898 cum

522 3917 675 4000 illis,
724 3939 887 4005 quos
934 3918 1039 3982 hic
1084 3921 1410 3986 sententia
1453 3922 1683 4007 iniqua
1725 3919 2080 4004 laeserunt,
2124 3920 2264 3986 ilic
2286 3918 2710 3987 damnatione
2757 3942 2903 4007 per-

526 4012 728 4091 petua
760 4004 1165 4091 judicentur.
2517 4012 2524 4019 ’

695 4096 757 4173 ξ.
804 4092 865 4156 4.
910 4092 1071 4157 Jure
1096 4100 1315 4157 autem
1343 4100 1802 4157 montanorum
1835 4094 2162 4157 sententia
2205 4101 2306 4158 est
2333 4094 2677 4179 responsio
2717 4094 2897 4178 J’ura·

522 4186 739 4241 torum
785 4176 1093 4260 veridica,
1140 4180 1510 4263 quaestioni
1554 4178 1754 4243 finem
1816 4180 1905 4242 im
1956 4200 2184 4244 onens.
2253 4178 2386 4245 Sed
2429 4182 2902 4245 sententiarum

526 4260 696 4327 duae
742 4271 895 4327 sunt
940 4263 1213 4349 species,
1259 4262 1393 4329 alia
1421 4266 1597 4355 enim
1623 4272 1722 4330 est
1743 4265 1914 4330 inter
1941 4267 2252 4343 ocutoria,
2295 4273 2364 4331 et
2392 4264 2524 4330 alia
2541 4265 2904 4331 definiam.
