3150 5017
537 310 674 366 ΠΒ.
721 320 795 364 Π.
1501 336 1586 348 -
1677 297 1808 364 334
1892 332 1981 346 -

1567 562 1739 645 Gap.
1785 560 1900 625 [V.

1463 682 1565 746 De
1607 678 1986 745 stollom'bus.

713 824 767 907 ς.
819 822 876 884 1.
925 818 1338 907 Quandoque
1397 828 1621 884 tamen
1681 839 1909 883 omnes
1965 816 2304 883 hominum
2352 815 2738 881 subtilitates
2776 834 2885 879 non

534 908 894 995 proficiunt
938 906 1024 971 ad
1068 928 1309 993 aquam
1353 906 1657 993 superius
1701 902 2198 986 extrahendam,
2242 904 2509 990 quando
2552 905 2698 990 ipsa
2735 922 2887 989 prae·

537 995 716 1059 valet
758 996 984 1059 vicina
1027 1001 1342 1057 montana
1385 994 1610 1058 omnia
1650 991 2175 1075 submergend03
2236 999 2395 1056 tunc
2438 992 2654 1077 primo
2709 989 2891 1055 solent

541 1084 610 1147 in
659 1079 829 1168 pede
873 1082 1116 1145 montis
1159 1080 1472 1145 stollones
1515 1081 1587 1145 in
1630 1080 1963 1144 montanis
2006 1078 2148 1144 fieri
2204 1079 2573 1144 montuosis
2630 1076 2715 1144 ad
2766 1072 2892 1141 sub-

543 1176 950 1253 mergentem
998 1188 1237 1256 aquam
1283 1167 1556 1232 inferius
1602 1165 2031 1233 educendam.
2122 1169 2181 1248 §-
2228 1166 2293 1231 2.
2338 1166 2431 1231 Et
2472 1172 2630 1231 sunt
2670 1171 2891 1231 tantum

547 1255 678 1321 duo
743 1275 986 1339 genera
1045 1252 1538 1334 stollonum3
1602 1251 1839 1340 quibus
1898 1253 2195 1319 universi
2260 1260 2535 1317 utuntur
2593 1249 2895 1331 montani3

545 1350 646 1407 est
691 1343 867 1407 enim
915 1339 1106 1405 stollo
1167 1340 1624 1423 hereditarius,
1687 1350 1752 1406 et
1819 1338 2013 1405 stolio
2076 1359 2419 1426 quaerens,
2482 1347 2549 1405 et
2614 1346 2715 1405 est
2772 1356 2897 1422 pro-

547 1429 693 1517 prie
759 1427 1097 1515 proprium
1166 1430 1440 1491 istorum
1495 1426 1775 1492 duorum
1854 1425 2245 1506 stollonum,
2323 1446 2567 1513 aquam
2646 1424 2899 1491 educere

539 1525 602 1581 et
648 1524 920 1582 ventum
966 1514 1243 1596 inferre3
1291 1513 1585 1599 alioquin
1630 1535 1869 1580 nomen
1916 1512 2215 1579 stollonis
2259 1512 2643 1579 nullatenus
2686 1508 2901 1577 habere

542 1610 893 1667 merentur.
983 1602 1037 1685 ξ.
1086 1602 1144 1665 3.
1212 1601 1478 1666 Dicitur
1523 1598 1792 1667 stollo
1837 1600 2017 1667 linea
2060 1598 2175 1665 illa
2222 1600 2361 1665 sive
2406 1601 2601 1682 acies,
2667 1598 2749 1664 de
2788 1604 2902 1683 qua

544 1697 832 1754 sectores
871 1688 947 1773 in
993 1686 1494 1773 argentifodinis
1541 1696 1771 1753 secant
1811 1685 2174 1761 metallum,
2220 1687 2584 1753 secundum
2634 1684 2805 1773 quod
2844 1702 2902 1747 se

543 1774 844 1841 extendit
903 1783 1156 1839 meatus
1217 1773 1550 1839 linealiter
1610 1774 2064 1857 procedendo,
2126 1771 2209 1839 de
2271 1793 2403 1860 quo
2463 1773 2550 1839 ad
2659 1788 2901 1837 raesens

541 1860 730 1943 nihil,
777 1860 892 1926 sed
937 1859 1022 1926 de
1063 1862 1210 1946 ipso
1253 1862 1321 1925 in
1368 1863 1562 1926 tertio
1608 1859 1780 1926 libro
1842 1861 1925 1927 de
1986 1859 2524 1928 concessionibus
2659 1861 2902 1924 icemus.

542 1953 602 2031 §-
649 1948 712 2012 4.
775 1946 984 2014 Stollo
1044 1955 1262 2013 autem
1316 1946 1754 2013 hereditarius
1814 1954 1915 2013 est
1958 1946 2410 2035 aquaeductus
2454 1947 2905 2013 subterraneus

539 2034 626 2101 ad
672 2042 985 2099 montana
1028 2042 1252 2101 vetera
1297 2036 1765 2100 exsiccandum
1813 2042 2079 2122 propter
2122 2034 2457 2100 metallum
2504 2033 2755 2100 ibidem
2777 2029 2908 2098 sub·

541 2140 861 2200 mersum3
931 2120 1172 2186 dicitur
1215 2129 1430 2187 autem
1479 2121 1939 2203 hereditarius,
2000 2122 2189 2207 quasi
2234 2128 2613 2208 perpetuus,
2662 2125 2908 2208 propter

541 2208 1059 2289 diuturnitatem,
1103 2207 1190 2273 ad
1209 2208 1655 2275 diversitatem
1674 2207 1956 2274 aliorum
2002 2207 2402 2295 simplicium
2446 2216 2910 2280 montanorum,

541 2316 712 2446 quae
755 2301 911 2359 sunt
955 2296 1144 2380 quasi
1189 2302 1649 2373 momentanea
1690 2294 1872 2360 illius
1916 2302 2258 2383 respectu3
2305 2294 2421 2361 sed
2468 2294 2693 2383 quoad
2737 2295 2907 2357 here·

592 2382 854 2446 itariam
900 2382 1384 2449 successionem
1429 2384 1653 2447 omnia
1696 2388 2014 2448 montana
2074 2389 2231 2447 sunt
2288 2380 2717 2465 hereditaria,
2816 2379 2913 2443 uia

537 2476 884 2533 transeunt
927 2467 1013 2533 ad
1056 2466 1351 2535 heredes.
1399 2473 1460 2551 ξ.
1504 2470 1566 2535 5.
1612 2468 1745 2534 Sed
1789 2471 1947 2555 quia
1992 2490 2231 2555 magna
2272 2468 2526 2535 utilitas
2570 2489 2661 2534 ex
2706 2476 2804 2533 sto
2830 2466 2910 2531 lo·

540 2554 738 2619 nibus
806 2553 1216 2639 frequentius
1282 2562 1688 2641 procuratur,
1758 2555 2141 2621 difficilibus
2204 2563 2429 2621 tamen
2488 2554 2804 2641 expensis
2860 2557 2917 2616 et

543 2639 883 2705 laboribus
955 2641 1384 2707 excoluntur:
1453 2643 1631 2709 unde
1692 2652 2079 2709 consuetum
2154 2648 2255 2707 est
2329 2662 2440 2709 eos
2500 2640 2915 2729 privilegiato

547 2728 750 2791 tantis
863 2728 1326 2813 roprietatibus
1392 2736 1528 2795 tam
1595 2730 1667 2795 in
1735 2727 2071 2796 montibus
2132 2729 2545 2811 mensuratis,
2613 2750 2818 2815 quam
2855 2726 2917 2789 in

541 2834 775 2899 campo
817 2748 1051 2897 libem,
1097 2815 1366 2901 quando
1409 2826 1667 2882 montes
1710 2838 1845 2881 non
1907 2816 2243 2881 sufficiunt
2300 2816 2691 2898 mensurati,
2757 2810 2917 2902 quod

541 2900 797 2966 fructus
855 2907 1112 2989 possint
1171 2902 1508 2968 laboribus
1569 2904 1802 2969 merito
1862 2902 2281 2989 respondere,
2346 2901 2779 2989 colentesque
2840 2895 2917 2963 sd

543 2987 714 3052 tanti
760 2986 1004 3051 laboris
1050 2988 1289 3055 molem
1337 2989 1554 3075 dignis
1600 2988 2163 3056 consolationibus
2207 2989 2510 3056 invitare.
2578 2987 2724 3055 Sed
2766 2988 2923 3053 sicut

544 3075 767 3137 omnia
803 3073 960 3159 jura
1005 3096 1126 3140 sua
1169 3075 1295 3141 sibi
1357 3078 1769 3143 manuteneri
1827 3078 2085 3162 integra
2144 3076 2523 3143 desiderant
2572 3084 2641 3142 et
2684 3074 2922 3151 illaesa,

547 3159 646 3224 sic
706 3162 902 3225 etiam
965 3160 1151 3227 abuti
1211 3184 1343 3227 non
1391 3162 1633 3229 debent
1688 3165 1761 3229 in
1822 3163 2303 3251 praejudicium
2346 3169 2673 3247 nostrum,
2720 3161 2925 3229 taliter

543 3245 670 3311 sibi
733 3249 1065 3311 concessis
1125 3249 1409 3315 assiduis
1470 3249 1811 3315 laboribus
1868 3250 2264 3332 insudando,
2323 3272 2408 3315 ne
2450 3251 2637 3336 regia
2684 3246 2923 3315 utilitas

509 3334 615 3396 'in
661 3332 885 3419 aliquo
929 3330 1081 3418 plus
1125 3333 1347 3401 debito
1393 3336 1780 3419 retardetur,
1826 3336 2120 3423 alioquin
2148 3336 2566 3423 privilegium
2590 3342 2925 3403 merentur

479 3451 485 3458 ·
539 3420 873 3499 amittere3
939 3440 1102 3485 ‹nam
1192 3421 1276 3488 de
1336 3424 1490 3508 jure
1558 3424 1791 3489 merito
1852 3424 2274 3511 privilegium
2342 3432 2408 3489 et
2469 3424 2767 3489 maxime
2832 3419 2923 3483 his

541 3504 814 3587 tollitur,
861 3507 971 3593 qui
1013 3507 1377 3573 abutuntur
1396 3511 1466 3575 in
1487 3509 1970 3596 praejudicium
2016 3513 2113 3576 rei
2158 3509 2464 3597 publicae
2510 3510 2641 3575 sibi
2688 3506 2929 3576 tradita

544 3599 882 3677 potestate.
927 3591 1124 3659 Unde
1171 3616 1398 3662 omnes
1444 3596 1812 3663 stollonarii
1837 3597 2190 3684 diligenter
2214 3596 2637 3663 considerent
2662 3595 2923 3662 modum

543 3679 842 3764 proxime
884 3678 1060 3746 infra
1105 3683 1441 3769 scriptum,
1488 3683 1853 3750 secundum
1898 3685 2118 3770 ipsum
2162 3683 2597 3771 procedentes
2654 3688 2733 3750 in
2779 3680 2930 3749 stol-

541 3762 810 3829 lonibus
853 3767 1256 3851 excolendis,
1301 3768 1492 3835 nobis
1539 3790 1619 3834 ac
1662 3771 1827 3857 ipsis
1873 3771 2097 3836 omnia
2129 3770 2289 3857 jura
2312 3770 2763 3858 competentia
2786 3788 2927 3834 cum

536 3851 1026 3918 conditionibus
1090 3855 1368 3941 adjectis
1411 3856 1881 3923 inviolabiliter
1947 3856 2406 3941 observand03
2473 3874 2629 3925 nam
2710 3856 2925 3923 bonae

537 3936 693 4003 fidei
757 3941 1059 4024 congruit
1113 3942 1461 4026 humanae,
1523 3942 1886 4030 adimplere
1930 3966 2028 4027 ea,
2074 3964 2243 4030 quae
2287 3946 2463 4011 inter
2506 3963 2579 4011 se
2620 3944 2924 4011 homines

538 4031 926 4091 statuerunt.
1016 4030 1075 4109 §-
1121 4030 1180 4095 6.
1241 4032 1386 4094 Hoc
1445 4038 1664 4097 autem
1726 4030 1917 4097 modo
1978 4038 2131 4098 sunt
2174 4030 2489 4097 stollones
2532 4026 2923 4097 hereditarii

537 4111 919 4177 excolendi:
965 4120 1038 4178 ut
1068 4116 1280 4200 primo
1324 4123 1390 4181 et
1433 4116 1887 4204 principaliter
1928 4116 2295 4185 stollonarii
2321 4120 2629 4186 decenter
2656 4117 2925 4185 elevent

537 4197 1038 4283 aquaeductum,
1088 4202 1430 4287 purgando
1476 4205 1619 4289 ejus
1666 4203 1925 4269 canalia
1970 4204 2339 4290 diligenter,
2370 4228 2473 4272 ne
2496 4203 2723 4292 aliquo
2751 4220 2922 4293 aqua

536 4282 870 4370 profluens
937 4283 1276 4352 obstaculo
1337 4290 1723 4373 retardetur,
1790 4289 1877 4356 ad
1969 4311 2228 4356 omnem
2312 4293 2513 4359 etiam
2558 4291 2919 4360 utilitatem
