3150 5017
1227 288 1535 362 -—·25'1
1619 327 1704 346 --

274 539 376 592 43⁹
398 487 407 495 ·
432 465 685 592 effigiet
697 467 963 593 wlf
994 467 1277 604 Βοὶίιζΐίιο
1320 471 1804 536 manuscriptorum
1852 467 2218 536 diplomatum,
2263 473 2394 522 tom.
2429 467 2497 524 V.
2533 477 2654 536 1²⁸8·

447 639 767 706 Albanus
832 639 962 706 Dei
1030 640 1243 725 gratia
1302 639 1445 704 dux
1503 637 1810 706 Aucti-iae
1869 649 1934 706 et
2005 639 2280 723 &yn-iae,
2349 640 2656 706 dominus

274 725 653 812 Osmiolae,
696 727 1035 792 Marebise
1080 734 1151 791 et
1190 723 1433 791 Portus
1476 725 1748 792 Naonis.

444 813 709 880 Tenere
780 814 1229 900 praesentium
1302 813 1744 899 promittimus
1809 813 1982 880 bona
2039 813 2189 895 fide,
2247 831 2446 900 quam
2503 813 2648 880 cito

271 899 543 966 favente
601 899 892 966 Domino
967 900 1039 964 in
1100 915 1319 984 regem
1394 900 1840 966 Romanorum
1901 899 2056 986 eligi
2117 921 2239 966 nos
2301 899 2660 985 contingit,

272 987 495 1054 statim
540 985 781 1053 illustri
832 985 1103 1054 domino
1146 985 1563 1068 wenceslao,
1608 987 1748 1072 regi
1792 987 2122 1069 Boemiae,
2171 985 2356 1054 affini
2399 995 2646 1067 nostre,

271 1083 613 1159 tamquam
658 1072 843 1138 fratri
888 1072 1245 1146 carissimo,
1305 1079 1563 1138 nostras
1611 1078 1912 1160 patentes
1960 1071 2199 1154 literas,
2259 1072 2480 1157 sigillo
2525 1093 2646 1138 no-

270 1167 408 1226 utro
450 1158 658 1244 regali
698 1159 1011 1239 munitas,
1058 1157 1363 1224 dabimus
1406 1161 1477 1223 in
1524 1159 1647 1223 bac
1689 1157 1935 1225 forma:

451 1244 813 1329 „Albertus
859 1245 985 1310 Dei
1030 1247 1247 1330 gratia
1290 1245 1738 1311 Romanorum
1770 1263 1920 1312 'rex
1979 1268 2118 1312 sem
2167 1267 2254 1312 er·
2298 1254 2640 1332 augustus.

270 1330 623 1399 Universis
664 1339 731 1397 et
774 1330 1053 1418 singulis
1098 1333 1268 1396 sacri
1314 1332 1571 1420 imperii
1613 1331 1894 1398 Romani
1929 1332 2106 1398 fideli
2158 1355 2236 1399 us
2261 1340 2644 1419 praesentes

268 1419 495 1484 literas
560 1419 975 1508 inspecturis,
1042 1421 1321 1503 gratiam
1392 1439 1579 1484 suam
1649 1426 1714 1483 et
1781 1441 1974 1485 omne
2040 1419 2312 1484 bonum.
2423 1415 2656 1484 Habet

271 1506 434 1571 haec
478 1506 751 1572 rationis
796 1504 957 1570 ordo
1004 1503 1354 1571 laudabilis
1415 1514 1481 1570 et
1524 1505 1735 1570 forma
1771 1506 2090 1590 justitiae,
2138 1516 2210 1572 ut
2259 1526 2387 1593 quo
2435 1509 2652 1590 magis

272 1593 445 1658 bene
507 1593 827 1658 meruisse
898 1592 1047 1678 quis
1076 1633 1083 1638 -
1112 1593 1422 1670 cernitur,
1484 1611 1562 1656 eo
1633 1593 1902 1677 majoris
1962 1594 2217 1678 gratiae
2265 1591 2656 1658 sublevetur

273 1678 638 1747 honoribus
702 1686 771 1747 et
835 1679 1256 1748 servitiorum
1322 1677 1631 1744 oneribus
1693 1697 1826 1745 non
1887 1687 2248 1765 prematur,
2309 1679 2474 1766 quin
2523 1680 2656 1744 imo

272 1764 692 1843 liberalitatis
764 1763 1105 1852 amplioris
1165 1785 1436 1833 munere
1508 1765 1836 1849 gaudeat,
1913 1767 2027 1854 qui
2115 1767 2369 1852 majora
2397 1795 2411 1808 ·
2444 1765 2661 1832 nosci·

276 1861 386 1918 tur
430 1852 752 1938 obsequia
796 1852 1217 1938 praestitisse.
1262 1848 1512 1936 Magna
1556 1852 1781 1938 itaque
1828 1873 1906 1916 ac
1956 1864 2231 1938 accepta
2274 1851 2474 1918 valde
2519 1872 2657 1918 ser-

273 1940 439 2004 vitia
482 1956 602 2024 per
645 1937 966 2003 illustrem
1012 1937 1477 2015 wenceslaum
1524 1959 1747 2023 regem
1809 1937 2142 2020 Boemiae‚
2207 1937 2443 2004 ducem
2492 1937 2660 2004 Ora·

275 2026 525 2102 coriae
552 2032 617 2090 et
660 2024 1147 2106 Sandomeriae,
1196 2023 1644 2090 marchionem
1695 2045 1776 2089 ue
1824 2025 2181 2107 Moraviae,
2246 2025 2662 2090 carissimum

277 2111 551 2182 affinem
598 2119 666 2176 et
713 2113 1078 2198 principem
1125 2119 1447 2192 nostrum,
1492 2111 1577 2176 ab
1623 2133 1664 2178 o
1692 2112 1779 2175 im
1825 2133 2011 2178 sacro
2035 2111 2340 2178 Romano
2362 2109 2660 2198 imperio,

278 2197 473 2264 nobis
518 2207 901 2276 constanter
942 2208 1011 2263 et
1052 2199 1343 2284 graviter
1387 2197 1703 2281 exhibita,
1751 2220 1868 2283 per
1911 2216 2082 2285 quae
2126 2198 2334 2285 ipsius
2397 2197 2658 2284 imperii

278 2294 709 2372 nostrumque
753 2284 1045 2350 favorem
1092 2293 1162 2350 et
1201 2286 1483 2371 gratiam
1530 2283 1984 2371 multipliciter
2028 2286 2286 2368 meruit,
2347 2282 2652 2351 conside-

278 2373 557 2438 rationis
602 2379 851 2438 attento
898 2370 1113 2438 studio
1157 2371 1508 2456 diligenter
1552 2371 1968 2438 attendentes
2017 2393 2096 2439 sc
2141 2371 2441 2440 volentes
2501 2391 2662 2442 eum.

279 2457 635 2546 propterea
692 2459 1002 2610 prffiequi
1064 2457 1402 2525 liberalius
1464 2459 1923 2543 praerogativa
1997 2459 2204 2524 nostri
2281 2459 2530 2526 favoris
2593 2464 2664 2526 et

404 2547 539 2612 tiae
578 2568 611 2611 s
738 2546 759 2611 i
832 2545 919 2610 ‘st
2715 2561 2726 2569 “

280 2568 403 2633 gra
460 2631 587 2718 (1.)
615 2565 935 2696 ῗξῐιᾱοω
982 2653 1203 2717 regem
1248 2653 1327 2695 ac
1372 2651 1785 2697 successores
1831 2631 2038 2720 ipsius
2101 2631 2186 2697 ab
2233 2633 2411 2698 omni
2461 2631 2664 2698 serviss

280 2721 527 2786 tiorum
572 2739 791 2800 onere,
839 2738 1251 2805 quocumque
1296 2725 1692 2786 censeantur
1737 2720 2022 2796 nomine,
2070 2741 2187 2805 per
2249 2741 2362 2785 eos
2411 2719 2666 2786 ratione

286 2805 659 2888 feudorum,
704 2825 873 2891 quae
916 2825 1093 2872 nunc
1135 2814 1365 2871 tenent
1409 2827 1529 2874 seu
1572 2804 1900 2871 tenebunt
1933 2807 2342 2890 inposterum
2389 2827 2430 2872 a
2474 2804 2670 2874 nobis

287 2902 355 2959 et
398 2891 631 2958 eodem
676 2893 969 2977 imperi0‚
1023 2889 1129 2957 vel
1186 2889 1319 2957 alia
1375 2913 1796 2978 quacumque
1840 2893 2090 2956 ratione
2138 2891 2332 2958 nobis
2379 2899 2446 2956 et
2489 2890 2668 2956 dicto

286 2981 567 3064 imperio
632 2977 1027 3059 debitorum,
1088 2977 1171 3044 de
1232 2978 1498 3064 speciali
1560 2978 1788 3066 gratia
1817 2978 1886 3042 in
1934 2986 2324 3064 perpetuum
2373 2977 2665 3042 absolvi·

288 3086 439 3131 mus
496 3073 566 3130 et
629 3064 977 3131 eximimus
1041 3085 1117 3130 ac
1179 3086 1325 3129 esse
1387 3064 1693 3131 volumus
1753 3063 1995 3130 liberos
2057 3073 2124 3130 et
2170 3073 2489 3144 exemtos,
2538 3061 2669 3130 nisi

288 3161 609 3240 quantum
652 3151 795 3238 ipse
841 3150 923 3216 de
965 3149 1148 3216 bona
1189 3150 1529 3218 voluntate
1574 3149 1859 3218 voluerit
1906 3143 2282 3218 exhibere*

466 3237 586 3324 (2).
631 3237 1035 3304 Ordinantes
1078 3259 1157 3302 ac
1200 3246 1561 3304 statuentes
1623 3235 1857 3301 harum
1919 3239 2106 3320 serie,
2173 3247 2249 3302 ut
2291 3237 2674 3304 antedictus

291 3345 416 3392 rex
458 3334 527 3390 et
568 3323 847 3391 heredes
890 3345 970 3389 ac
1014 3345 1429 3390 successores
1473 3325 1684 3412 ipsius
1744 3321 1831 3388 ad
1891 3323 2143 3389 nullam
2208 3331 2503 3390 nostram
2561 3322 2702 3389 vel'

285 3430 744 3478 successorum
790 3419 1182 3493 nostrorum,
1228 3431 1456 3497 regum
1504 3431 1620 3476 seu
1679 3411 2147 3496 imperatorum
2195 3409 2673 3490 Romanorum,

290 3521 329 3564 e
425 3497 801 3579 editionem,
841 3498 1405 3578 convocationem,
1451 3498 1702 3564 curiam
1747 3517 1866 3564 seu
1911 3497 2242 3584 colloquia
2264 3496 2666 3583 generaliter

289 3521 423 3652 νῇ)
448 3584 821 3672 specialiter
862 3583 1241 3663 indicenda,
1284 3604 1720 3671 quaecunque
1741 3593 1808 3650 et
1827 3583 2211 3670 ubicunque
2255 3593 2320 3650 et
2365 3591 2658 3670 quocun-

290 3693 423 3760 que
464 3673 733 3758 negotio
790 3692 910 3739 seu
952 3692 1154 3738 causa
1212 3672 1383 3755 jussi
1432 3671 1536 3736 vel
1581 3671 1899 3756 requisiti,
1943 3669 2380 3755 personaliter
2425 3669 2658 3735 venire

291 3759 401 3826 vel
466 3759 737 3826 nuntios
800 3765 917 3822 aut
978 3756 1279 3823 homines
1342 3755 1600 3842 aliquos
1681 3758 1972 3838 mittere,
2048 3755 2468 3842 aliquatenus
2557 3763 2658 3822 te-

295 3848 604 3913 neantur.

344 3993 355 3998 ,
468 3929 589 4018 (3).
634 3929 989 4016 Privilegia
1030 3951 1289 4017 quoque
1324 3929 1557 3996 omnia
1599 3951 1798 4016 super
1843 3927 2328 4011 donationibus,
2395 3928 2666 3995 liberta·

292 4016 473 4086 tibus
514 4027 585 4086 et
624 4018 858 4104 gratiis
900 4017 1425 4104 quibuscunque,
1490 4017 1832 4102 praedicto
1897 4017 2036 4102 regi
2099 4025 2166 4082 et
2225 4015 2660 4103 progenitori·

295 4104 423 4171 bus
478 4105 641 4190 ejus·
684 4125 725 4169 a
790 4103 991 4177 divae,
1044 4105 1397 4173 memoriae
1464 4103 1910 4172 Romanorum
1969 4103 2492 4188 impera-toribus
2539 4121 2656 4168 seu

295 4189 589 4278 iegibus,
679 4187 1249 4259 raedeeessoribus
1290 4191 1552 4270 nostris,
1599 4189 1754 4257 data
1797 4211 1914 4257 seu
1957 4206 2270 4258 concessa
2316 4189 2444 4254 sub
2489 4195 2646 4275 qus·

298 4297 583 4364 cumque
650 4299 837 4344 orma
879 4275 990 4344 vel
1032 4279 1461 4363 conceptione
1502 4275 1878 4358 verborum,
1920 4285 2064 4342 rata
2105 4285 2172 4344 et
2191 4285 2404 4432 ᾔτηη
2448 4273 2676 4342 hurbe-³

408 4381 665 4426 Jlrecek:
694 4379 857 4423 Codex.
888 4380 922 4421 1.
