3150 5017
1480 306 1916 370 —86—

512 482 770 563 dentur,
842 482 1011 545 sicut
1052 487 1207 545 ante
1252 479 1497 544 dictum
1532 487 1650 543 est.

510 573 573 650 §-
618 569 677 633 9.
726 568 959 633 Omnis
1018 565 1233 649 homo,
1300 566 1540 652 hospes
1587 574 1653 630 et

512 656 843 739 indigena,
866 655 1203 739 cujuscum
1257 675 1339 717 ue
1368 653 1649 738 generis,

510 741 789 807 liberum
836 741 1179 806 arbitrium
1269 739 1463 805 abeat
1506 738 1650 803 ubi-

512 850 791 914 cumque
836 826 1117 893 voluerit
1161 826 1443 913 sepeliri.

685 1465 772 1532 II.
838 1469 968 1547 (De
1031 1468 1432 1553 testimonio.)
1500 1474 1561 1551 ξ.
1614 1472 1644 1533 1

507 1551 831 1619 Volumus
855 1554 1071 1635 etiam,
1096 1575 1180 1618 ne
1202 1551 1439 1640 aliquis
1457 1554 1650 1620 homo

511 1650 865 1707 extraneus
888 1650 1115 1705 contra
1131 1639 1414 1726 aliquem
1440 1642 1650 1708 civem

513 1728 619 1793 vel
667 1728 830 1793 civis
878 1736 1106 1792 contra
1150 1748 1295 1793 eum
1345 1750 1490 1793 cum
1518 1739 1651 1794 tru-

514 1814 771 1879 celariis
816 1814 923 1880 vel
967 1813 1413 1880 truffatoribus
1465 1818 1648 1881 testi·

512 1901 803 1965 monium
850 1899 1188 1987 producat,
1234 1899 1350 1965 sed
1380 1923 1527 1969 cum
1558 1904 1651 1967 vi-

512 1988 603 2052 ris
648 1986 903 2052 idoneis
948 1996 1013 2052 et
1055 1986 1185 2051 fide
1228 1986 1463 2071 dignis,
1488 1990 1650 2055 duo-

509 2075 637 2140 bus
680 2071 788 2140 vel
830 2073 1079 2146 tribus.
1109 2077 1167 2156 ξ.
1215 2074 1277 2139 2.
1309 2073 1399 2140 Et
1428 2074 1652 2142 nullus

520 2181 669 2225 cum
714 2162 857 2225 viro
905 2169 1220 2226 extraneo
1282 2183 1481 2263 super
1538 2161 1654 2226 ali-

514 2268 708 2333 quem
756 2248 966 2311 civem
1008 2270 1132 2343 pro
1179 2245 1418 2313 debitis
1462 2248 1653 2313 indu-

516 2342 624 2397 cat
665 2334 1131 2410 testimonium,
1169 2334 1298 2398 nisi
1322 2334 1407 2399 ad
1438 2338 1656 2400 minus

516 2440 719 2483 unum
764 2419 1042 2505 probum
1091 2420 1299 2484 virum
1346 2421 1543 2509 hujus
1568 2423 1654 2487 ci-

516 2506 739 2569 vitatis
783 2527 1006 2571 secum
1051 2506 1293 2571 habeat
1356 2532 1475 2595 pro
1536 2530 1656 2573 suo

515 2591 891 2659 testimonio
936 2592 1405 2660 confirmandO.

688 2702 815 2767 ΠΙ.
861 2708 923 2787 ξ.
976 2704 1029 2769 1.
1074 2704 1287 2770 Jurati
1324 2707 1520 2771 unius
1546 2728 1653 2771 cu·

506 2789 750 2877 jusque
810 2790 1091 2855 civitatis
1164 2800 1511 2858 teneantur
1572 2794 1655 2858 de

514 2883 804 2941 mercato
850 2885 915 2941 et
960 2876 1286 2942 mercibus
1347 2889 1411 2944 et
1470 2901 1649 2945 men-

517 2964 685 3027 suris
732 2971 795 3027 et
818 2962 963 3027 aliis
993 2962 1379 3050 quibuscum
1432 2987 1512 3029 ue
1544 2988 1652 3031 ne·

513 3051 727 3134 gotiis,
746 3071 913 3137 quae
937 3051 1020 3115 ad
1048 3072 1392 3115 commune
1454 3073 1650 3119 onum

513 3145 577 3201 et
622 3158 847 3222 pacem
872 3137 1223 3223 pertinent,
1247 3138 1528 3204 fideliter
1552 3161 1652 3205 or-

515 3220 763 3301 dinare,
810 3245 958 3287 eum
995 3224 1243 3309 judicis
1304 3224 1651 3309 adjutorio,

518 3312 577 3389 ξ.
626 3308 686 3371 2.
716 3307 1049 3397 Quicquid
1075 3320 1292 3375 autem
1312 3311 1651 3378 ordinave-

513 3394 647 3458 rint
677 3396 1009 3479 praedicto
1027 3396 1240 3475 modo,
1259 3396 1423 3461 nulli
1448 3396 1559 3461 alii
1581 3420 1650 3464 se

510 3478 840 3545 ullatenus
872 3482 1309 3547 intromittant
1336 3484 1651 3550 mutando

509 3589 635 3632 nec
692 3566 1235 3651 contradicend03
1297 3578 1361 3634 et
1407 3592 1650 3657 quam-

510 3676 792 3741 cumque
836 3676 1111 3740 poenam
1158 3677 1353 3742 super
1396 3656 1497 3722 his
1538 3681 1648 3743 po-

511 3740 781 3827 suerint,
828 3740 945 3809 illa
988 3742 1417 3831 persolvatur.

682 4024 799 4091 IV.
860 4031 918 4109 §-
985 4027 1039 4090 1.
1110 4026 1303 4107 Quod
1370 4026 1648 4113 quilibet

430 4194 435 4198 ἢ
506 4110 703 4177 homo
750 4114 1021 4178 rationis
1044 4135 1258 4198 capax
1282 4136 1427 4179 cum
1457 4114 1647 4183 bonis

506 4196 645 4263 suis
668 4199 907 4283 poterit
928 4198 1169 4278 facere,-
1190 4200 1509 4287 quidquid
1531 4224 1644 4266 vo·

508 4283 735 4367 luerit3
781 4291 849 4349 et
892 4282 1046 4348 lieet
1106 4306 1274 4351 uxor
1330 4286 1646 4355 reclamet

1757 498 2022 543 suorum
2071 498 2220 541 cum
2265 476 2462 541 certis
2481 472 2742 539 indiciis
2765 492 2882 537 ve-

1756 568 1944 647 nerit,
1989 564 2166 629 bona
2201 562 2381 627 illius
2404 559 2724 627 obtinebit
2737 563 2884 638 Jure

1755 654 2058 717 civitatis.
2109 655 2168 732 §.-
2213 650 2276 714 8.
2323 650 2394 715 Si
2418 657 2638 713 autem
2668 644 2886 709 nullus

1753 740 1928 805 infra
1969 739 2129 819 anni
2189 738 2472 823 spatium
2528 734 2777 799 venerit
2819 740 2888 797 et

1755 825 1960 890 ultra:
2007 826 2184 890 bona
2228 846 2350 889 sua
2407 824 2476 887 in
2533 821 2664 887 tria
2719 818 2888 884 divi-

1755 912 1996 979 dantur
2055 921 2120 977 et
2163 910 2279 976 fiat
2331 932 2484 976 cum
2543 908 2660 988 eis,
2719 906 2888 970 sieut

1757 1008 1910 1064 ante
1955 1000 2198 1064 dietum
2247 1006 2365 1063 est.
2428 1001 2488 1079 ξ.
2535 996 2594 1060 9.
2655 992 2892 1060 Omnis

1753 1086 1949 1153 homo
1993 1086 2231 1171 hospes
2253 1094 2320 1149 ot
2341 1084 2654 1169 indigena
2677 1080 2898 1166 cujus·

1755 1194 2038 1259 cumque
2081 1173 2341 1259 generis
2385 1170 2667 1236 liberum
2719 1165 2893 1233 arbi-

1755 1262 1951 1325 trium
1997 1258 2236 1326 habeat
2267 1258 2678 1343 ,ubicumque
2709 1252 2898 1320 volu-

1757 1350 1882 1413 erit
1925 1346 2208 1433 sepeliri.

1928 1466 2015 1533 ΙΙ.
2063 1472 2125 1550 ξ.
2176 1467 2232 1534 1.
2291 1464 2616 1531 Volumus
2675 1464 2898 1542 etiam,

1758 1576 1840 1620 ne
1886 1555 2125 1641 aliquis
2147 1554 2340 1618 homo
2365 1560 2718 1617 extraneus
2743 1570 2896 1615 con-

1757 1651 1859 1708 tra
1925 1641 2211 1729 aliquem
2282 1642 2493 1704 civem
2564 1637 2669 1703 vel
2732 1638 2901 1701 civis

1758 1738 1985 1793 contra
2042 1730 2260 1809 isum
2324 1727 2472 1791 cum'
2503 1723 2902 1798 ,trucelariis

1757 1815 1863 1882 vel
1910 1825 2060 1903 trup
2111 1812 2404 1879 atoribus
2447 1811 2901 1878 testimonium

1759 1902 2111 1987 producat,
2175 1900 2290 1966 sed
2351 1922 2501 1965 cum
2546 1900 2707 1963 viris
2753 1898 2902 1961 ido-

1758 1992 1900 2054 neis
1947 1998 2011 2054 et
2054 1988 2183 2052 fide
2229 1987 2465 2073 dignis,
2499 1985 2760 2051 duobus
2791 1982 2906 2048 vel

1760 2074 1990 2141 tribuS.
2041 2078 2102 2159 ξ.
2147 2076 2209 2139 2.
2263 2074 2432 2138 Item
2477 2071 2700 2137 nullus
2748 2092 2904 2135 cum

1761 2163 1903 2227 viro
1965 2170 2279 2226 extraneo
2354 2181 2554 2245 super
2611 2157 2905 2243 aliquem

1759 2249 1968 2313 civem
2016 2268 2133 2335 pro
2159 2246 2399 2313 debitis
2425 2245 2699 2311 inducat
2722 2244 2906 2309 testi-

1732 2336 2074 2418 ‚monium,
2119 2335 2246 2399 nisi
2293 2333 2377 2399 ad
2425 2334 2640 2397 minus
2693 2352 2905 2395 unum

1759 2419 2037 2508 probum
2099 2422 2313 2485 virum
2375 2417 2570 2506 hujus
2617 2418 2910 2483 civitatis

1762 2528 1984 2573 secum
2029 2506 2274 2573 habeat
2317 2528 2437 2593 pro
2463 2527 2588 2589 suo,
2614 2506 2910 2570 testimo·

1761 2594 1874 2660 nia
1919 2592 2386 2659 confirmanda

1933 2704 2057 2771 III.
2117 2707 2218 2771 De
2273 2704 2579 2771 mercibus
2637 2714 2695 2768 et
2739 2712 2909 2769 ‘men'

1759 2800 1938 2859 suris.
1987 2796 2045 2877 ξ.
2099 2800 2154 2859 1.
2223 2791 2267 2859 J
2269 2791 2438 2859 urati
2483 2791 2908 2875 uniuscujus-

1759 2900 1886 2966 que
1933 2879 2217 2945 civitatis
2254 2887 2604 2944 teneantur
2629 2876 2712 2967 de
2739 2898 2907 2942 mer-

1761 2975 1908 3031 cato
1953 2976 2020 3031 et
2063 2964 2394 3030 mercibus
2461 2974 2526 3032 et
2570 2964 2907 3029 mensuris

1760 3060 1826 3117 et
1871 3050 2017 3117 aliis
2031 3052 2563 3203 (quibuscumque
2595 3052 2906 3135 negotiis,

1760 3160 1929 3227 quae
1987 3161 2026 3203 a
2133 3160 2482 3203 commune
2539 3136 2800 3227 bonum
2846 3146 2909 3201 et

1757 3246 1986 3311 pacem
2033 3226 2382 3311 pertinent,
2415 3222 2704 3290 fideliter
2735 3221 2908 3290 ordi-

1757 3332 1919 3376 nare
2001 3332 2149 3375 cum
2235 3311 2472 3396 judicis
2549 3310 2907 3395 adjutorio.

1757 3400 1815 3477 ξ.
1835 3398 1894 3463 2.
1944 3396 2276 3483 Quicquid
2295 3406 2513 3462 autem
2549 3396 2907 3462 ordinave-

1755 3483 1890 3548 rint
1913 3483 2246 3568 praedicto
2266 3482 2482 3564 modo,
2503 3480 2677 3548 nulli
2703 3480 2824 3549 alii
2841 3503 2909 3547 se

1756 3568 1845 3633 ali
1895 3578 2175 3635 uatenus
2216 3570 2659 3641 intromittant
2689 3571 2908 3635 inmu-

1753 3590 1953 3720 tanqdo
2015 3677 2137 3721 nec
2217 3655 2778 3741 contradicend03
2847 3663 2910 3720 et

1753 3764 2234 3831 quamcumque
2251 3765 2528 3831 poenam
2547 3766 2760 3829 super
2782 3742 2908 3809 hiis

1755 3830 2120 3905 statuerint,
2164 3828 2327 3895 haec
2392 3852 2433 3895 a
2499 3838 2904 3897 statutorum

1752 3917 2346 4001 transgressoribus
2392 3916 2840 4003 persolvatur.

1881 4085 1894 4107 ,-
1925 4026 2044 4093 IV.
2086 4030 2190 4093 De
2230 4030 2422 4094 hbeo-o
2467 4030 2750 4097 arbitrio
2805 4035 2908 4097 ho-

1749 4112 1938 4179 miviis
1979 4115 2402 4181 rationabilia.
2465 4120 2528 4198 ξ.
2579 4118 2635 4181 1.
2683 4116 2906 4201 Quili-

1750 4199 1861 4264 bet
1905 4199 2096 4265 homo
2141 4204 2414 4267 rationis
2475 4224 2696 4288 capax
2747 4226 2904 4271 cum

1750 4286 1940 4348 bonis
1983 4287 2118 4351 suis
2167 4287 2356 4371 juxta
2398 4286 2661 4355 libitum
2713 4303 2902 4379 pote·
