3150 5017
1160 295 1639 362 *127*

388 468 446 532 2.
490 466 694 534 Dabit
736 475 954 534 autem
1002 465 1194 532 nobis
1242 466 1456 532 dictus
1503 469 1815 552 magister
1859 475 2161 532 monetae
2208 467 2275 532 in
2308 472 2589 554 quatuor

229 556 374 620 anni
419 553 816 640 temporibus
861 553 1040 621 mille
1103 553 1348 620 talenta
1409 553 1826 620 denariorum
1888 554 1954 618 in
2018 563 2251 640 parata
2309 555 2592 640 pecunia

229 641 300 704 de
343 663 588 717 summa
633 642 932 727 superius
978 650 1311 721 annotata,
1357 649 1424 706 et
1465 641 1793 706 residuam
1841 649 2092 726 partem
2140 643 2209 706 in
2240 643 2445 726 equis,
2478 663 2587 707 ve-

229 727 437 808 stibus,
482 727 878 792 victualibus
925 749 1004 790 ac
1047 725 1196 792 aliis
1242 727 1530 792 servitiis
1573 727 1766 792 nobis
1812 728 2055 806 solvet3
2118 729 2184 792 in
2232 729 2584 792 vestimen-

229 816 304 880 tis
345 836 496 880 vero
541 814 750 880 solvet
793 815 1014 880 taliter
1057 814 1163 882 vel
1211 815 1480 878 serviet:
1527 815 1603 880 In
1650 814 1819 878 festo
1863 813 2149 900 paschae
2195 813 2311 880 LX
2342 815 2585 879 milites

230 902 388 966 etin
432 901 598 967 festo
643 899 708 970 S.
769 899 1003 966 Jacobi
1063 901 1540 988 quinquaginta
1600 899 1845 966 milites
1906 900 2101 965 debet
2159 903 2228 965 in
2291 900 2585 967 vestibus

231 1011 306 1052 ex
350 989 541 1055 edire.
2522 1036 2533 1044 .

310 1011 346 1073 p
379 1075 435 1142 3.
477 1073 644 1142 Item
689 1075 744 1138 si
770 1073 1043 1140 denarii
1087 1074 1454 1158 Pragenses
1498 1075 1568 1139 in
1616 1074 1817 1158 (loco)
1866 1095 2127 1138 cursum
2192 1096 2324 1138 non
2373 1073 2584 1140 habu-

226 1163 392 1244 erint,
437 1183 554 1227 suo
601 1163 742 1246 jure
789 1163 1232 1228 concessimus
1277 1163 1420 1246 ipsi,
1467 1171 1538 1224 ut
1584 1160 1827 1226 ibidem
1860 1170 2073 1227 ratum
2100 1161 2441 1226 denarium
2478 1162 2583 1228 de-

227 1249 364 1316 beat
402 1247 744 1315 fabricare.

379 1335 437 1398 4.
482 1334 650 1400 Item
700 1335 1068 1416 statuimus,
1116 1334 1293 1421 quod
1338 1333 1510 1400 idem
1557 1333 1635 1398 E.
1694 1335 1931 1418 viginti
1986 1355 2104 1399 sex
2148 1332 2393 1400 solidos
2440 1335 2586 1402 bre-

231 1443 330 1485 ves
375 1431 437 1486 et
481 1430 768 1508 quatuor
812 1420 1116 1486 denarios
1163 1420 1243 1484 de
1290 1442 1510 1486 marca
1553 1422 1808 1506 argenti
1855 1442 2060 1506 usque
2107 1421 2190 1484 ad
2238 1421 2542 1487 festum..
2568 1471 2583 1486 .

231 1509 464 1592 operari
510 1505 749 1572 debeat
795 1509 935 1572 sine
980 1529 1217 1588 vara;
1266 1507 1382 1571 sed
1427 1517 1576 1594 post
1621 1508 1855 1570 festum
1907 1506 2150 1571 dietum
2198 1507 2377 1572 XXX
2430 1509 2585 1573 soli-

233 1593 334 1658 dos
379 1593 614 1659 breves
661 1605 727 1659 et
772 1604 1053 1681 quatuor
1099 1594 1404 1658 denarios
1451 1594 1827 1680 operabitur
1872 1596 2015 1658 sine
2059 1615 2280 1658 vara.

313 1706 320 1714 ·
376 1682 434 1745 5.
477 1681 646 1746 Item
693 1683 763 1746 in
809 1682 1021 1767 Praga
1065 1680 1148 1746 de
1195 1680 1530 1746 voluntate
1592 1681 1887 1766 magistri
1947 1691 2247 1746 monetae
2306 1691 2587 1767 quatuor

226 1769 684 1832 examinatoria
724 1777 977 1833 tantum
1025 1777 1236 1849 erunt,
1281 1767 1349 1830 in
1395 1767 1634 1853 quibus
1682 1778 1746 1831 et
1789 1789 1907 1852 per
1928 1776 2131 1832 totam
2156 1777 2396 1832 terram
2424 1791 2580 1834 exa-

229 1855 560 1920 minabitur
605 1863 972 1942 argentum,
1017 1863 1084 1921 et
1127 1875 1260 1918 non
1303 1853 1484 1918 aliud
1531 1876 1793 1940 quoque
1838 1853 2051 1920 modo.

381 1968 436 2032 6.
483 1967 848 2034 Statuimus
895 1968 1111 2048 etiam,
1135 1974 1208 2030 ut
1251 1987 1581 2051 expensae
1627 1987 1971 2030 causarum
2018 1977 2216 2056 atque
2264 1967 2582 2031 montium

230 2052 298 2116 de
338 2064 634 2118 monetae
678 2063 940 2118 nostrae
965 2053 1252 2118 denariis
1290 2051 1699 2116 solummodo
1740 2068 2237 2138 comparentur3
2286 2055 2581 2140 quicum·

229 2161 338 2224 que
379 2163 528 2208 vero
577 2161 770 2206 secus
813 2139 1057 2220 fecerit,
1104 2138 1302 2204 rebus
1347 2149 1412 2202 et
1457 2160 1737 2226 persona
1782 2141 1849 2203 in
1874 2141 2088 2224 gratia
2118 2151 2342 2208 nostra
2366 2140 2581 2205 stabit.

382 2255 437 2318 7.
479 2253 591 2318 Ad
638 2252 799 2317 haec
844 2251 1164 2332 volumus,
1213 2262 1284 2315 ut
1329 2250 1548 2315 nullus
1598 2252 1913 2318 nobilium
1962 2263 2078 2319 aut
2122 2254 2363 2318 civium
2396 2253 2579 2338 jura-

225 2347 411 2403 torum
460 2341 842 2426 magistrum
893 2347 1192 2403 monetae
1239 2349 1500 2403 nostrae
1548 2338 1652 2402 vel
1678 2361 1830 2403 suos
1854 2342 2222 2426 provisores
2250 2339 2329 2404 de
2355 2341 2579 2426 pravis

231 2425 493 2492 denariis
539 2428 934 2492 convincere
980 2425 1218 2506 valeat,
1279 2426 1404 2488 nisi
1463 2425 1663 2490 iidem
1720 2427 1970 2491 denarii
2032 2429 2101 2491 in
2164 2448 2423 2492 camera
2481 2424 2587 2492 vel

220 2511 394 2594 juxta
435 2515 683 2578 ferrum
732 2515 1042 2580 monetati
1089 2511 1365 2592 fuerint3
1403 2511 1729 2596 judicium
1777 2523 1841 2578 et
1886 2513 2161 2580 emenda
2207 2514 2287 2578 de
2340 2513 2587 2578 talibus

227 2601 521 2684 pertineat
566 2599 656 2666 ad
701 2609 996 2664 nostrum
1045 2599 1406 2664 dominium
1457 2599 1761 2686 speciale.

381 2714 436 2778 8.
482 2713 833 2780 Praeterea
877 2712 1099 2777 nullus
1143 2714 1214 2776 in
1259 2712 1647 2778 aurifodinis
1695 2712 1891 2779 debet
1920 2712 2249 2778 cambium
2277 2735 2583 2778 exercere

228 2797 316 2860 vel
361 2799 641 2886 aliquem
687 2821 1092 2884 campsorem
1139 2798 1554 2880 substituere,
1603 2801 1727 2864 nisi
1776 2802 1887 2884 qui
1935 2801 2015 2864 de
2061 2801 2404 2866 voluntate
2448 2821 2583 2864 ma-

227 2884 389 2966 gistri
432 2895 734 2954 monetae
779 2896 1039 2952 nostrae
1085 2886 1170 2950 ad
1214 2885 1337 2949 hoc
1384 2885 1671 2950 officium
1720 2887 1916 2952 fuerit
1962 2886 2334 2973 deputatus.

379 3001 434 3062 9.
479 2999 926 3063 Promittimus
971 3000 1242 3084 insuper
1283 2999 1576 3084 praefato
1627 3000 1935 3084 magistro
1985 3009 2302 3072 monetae,
2338 2999 2389 3062 si
2423 2997 2583 3084 quid

229 3087 656 3169 campsoribus
705 3107 820 3150 seu
864 3084 1316 3172 provisoribus
1361 3085 1428 3148 in
1477 3085 1751 3150 cambiis
1796 3085 2149 3152 violentiae
2194 3085 2447 3149 illatum
2486 3085 2583 3148 fu-

231 3171 354 3248 erit,
397 3174 566 3257 quod
616 3172 895 3257 probare
943 3175 1178 3256 poterit
1221 3171 1578 3253 evidenter,
1627 3172 1803 3261 quod
1850 3194 1967 3258 pro
2013 3173 2243 3236 iisdem
2294 3172 2584 3236 denariis

227 3258 400 3320 vadia
441 3257 930 3345 aequivalentia
953 3259 1450 3342 assignabimUS,
1499 3258 1605 3322 vel
1655 3260 1736 3323 de
1784 3281 2037 3323 summa
2083 3271 2307 3324 nostra
2330 3261 2579 3323 taxatio

229 3339 428 3408 damni
471 3345 928 3432 hujuscemodi
973 3346 1396 3410 rescindetur.

385 3458 476 3524 10.
501 3457 667 3522 Item
699 3459 1064 3538 statuimus,
1112 3459 1285 3543 quod
1334 3480 1526 3524 omne
1571 3480 1782 3542 genus
1808 3457 2189 3542 negotiandi
2217 3458 2296 3522 de
2321 3456 2585 3524 nostrae

232 3553 505 3610 monetae
553 3545 840 3608 denariis
887 3553 1139 3609 tantum
1202 3547 1332 3624 fiat,
1395 3554 1460 3608 et
1505 3566 1696 3608 nemo
1760 3545 2087 3610 marcham
2153 3547 2408 3628 argenti
2471 3567 2587 3630 per

231 3628 515 3694 circulum
565 3634 723 3694 anni
771 3633 986 3694 carius
1034 3652 1224 3715 quam
1275 3653 1392 3715 pro
1439 3630 1685 3694 talento
1733 3653 1949 3697 emere
1995 3655 2110 3696 seu
2158 3634 2441 3695 vendere
2466 3654 2581 3695 au-

232 3714 362 3778 deat
403 3717 504 3782 vel
551 3726 860 3802 attentet3
917 3720 969 3780 si
1035 3719 1180 3802 quis
1243 3739 1396 3781 vero
1454 3717 1641 3782 miles
1702 3717 1807 3781 vel
1872 3720 2033 3782 civis
2094 3717 2198 3782 vel
2265 3726 2585 3782 mercator

231 3811 424 3865 nostro
471 3804 780 3868 mandato
829 3805 1192 3868 contrarius
1241 3805 1532 3868 extiterit
1578 3806 1645 3866 in
1692 3803 1817 3867 hac
1863 3814 2064 3890 parte,
2134 3805 2365 3888 viginti
2415 3826 2582 3867 mar-

232 3883 368 3950 chas
409 3892 660 3975 argenti
707 3902 966 3958 nostrae
1037 3912 1332 3954 camerae
1395 3888 1791 3974 assignabit3
1856 3893 1909 3954 si
1977 3913 2125 3955 vero
2188 3913 2414 3954 servus
2476 3890 2583 3956 vel

233 3968 470 4040 humilis
515 3999 794 4062 persona
839 3975 1114 4041 eandem
1162 3977 1420 4062 culpam
1469 3975 1791 4058 inciderit,
1840 3987 2098 4042 nostrae
2146 3975 2331 4042 dabit
2374 3999 2584 4042 came-

229 4077 330 4120 rae
371 4061 584 4126 decem
635 4065 929 4127 marchas
975 4065 1250 4148 argenti.

394 4177 486 4240 11.
534 4155 637 4239 A'd
686 4177 846 4242 haec
872 4179 922 4240 si
951 4176 1189 4240 nobilis
1235 4177 1343 4240 vel
1389 4175 1625 4262 aliquis
1671 4174 1874 4259 judex
1920 4196 2032 4238 seu
2062 4174 2281 4260 aliqua
2304 4198 2585 4262 persona

234 4275 658 4348 quaecumque
722 4264 970 4348 ceperit
1028 4263 1389 4346 falsarium,
1449 4264 1643 4326 tertia
1702 4284 1853 4348 pars
1922 4261 2002 4326 de
2063 4261 2258 4326 rebus
2304 4265 2478 4349 capti
2526 4263 2586 4328 ei
