3150 5017
1441 285 1911 353 ...304-

487 460 642 528 liter
703 457 1164 543 mensurando,
1225 459 1585 548 unicuique
1644 458 2041 544 litigantium
2080 456 2379 545 justitiae
2438 452 2862 554 complentes:

492 558 652 623 tum,
699 547 1056 613 trahentes
1123 567 1358 611 zonam
1422 546 1631 633 ipsius
1699 546 2003 632 superius
2066 546 2137 611 in
2194 546 2443 631 cespite
2506 541 2589 608 ab
2652 538 2862 640 altiori

489 641 678 721 parte
723 641 1047 717 meatum-3
1087 642 1159 699 iet
1203 634 1258 698 si
1305 634 1400 697 sic
1443 654 1562 719 per
1604 632 1805 697 talem
1850 646 2225 699 mensuram
2270 642 2405 697 non
2450 628 2707 717 possint
2762 624 2863 692 eh·

491 740 642 786 cere
689 721 1069 787 veritatem:
1116 728 1276 785 tunc
1320 721 1392 783 in
1436 720 1885 807 profunditate
1928 719 2563 804 argentifodinarum
2606 712 2863 787 illarum

491 808 666 873 facto
710 806 994 873 transitu
1041 805 1123 871 de
1167 815 1386 873 meatu
1433 806 1520 873 ad
1563 815 1873 883 meatum,
1936 803 2255 891 quidquid
2300 812 2463 871 tunc
2508 802 2664 867 dicti
2708 819 2862 885 qua-

491 903 644 959 tuor
701 912 1040 959 mensores
1099 914 1218 977 per
1277 913 1654 959 mensuram
1703 892 2023 959 directam
2066 892 2173 961 vel
2220 884 2609 976 angularem
2656 885 2867 951 elicita

491 979 772 1046 veritate
845 980 1018 1047 inter
1081 977 1414 1065 litigantes
1485 978 1967 1061 sententiando,
2028 988 2157 1043 aut·
2200 978 2380 1064 ipsos
2440 971 2867 1043 amicabiliter

490 1064 954 1131 concordando
1002 1066 1313 1133 duxerint
1357 1066 1797 1143 statuendum,
1844 1064 1928 1131 ab
1974 1066 2136 1152 ipsis
2181 1063 2479 1152 partibus
2522 1064 2667 1127 sine
2755 1080 2867 1123 ua-

485 1151 660 1219 libet
714 1150 1232 1220 contradictione
1291 1152 1767 1219 inviolabiliter
1826 1151 2230 1219 observetur.
2318 1155 2379 1234 ξ.
2420 1151 2485 1217 4.
2528 1149 2635 1215 Me
2762 1166 2867 1209 um

492 1248 736 1323 autem,
769 1240 837 1305 'si
883 1238 1059 1325 quod
1103 1239 1319 1306 medio
1365 1248 1660 1326 tempore
1720 1240 1919 1305 fuerit
1962 1238 2295 1305 sublatum
2358 1235 2534 1325 apud
2580 1253 2867 1301 commu·

485 1347 646 1392 nem
690 1325 1042 1409 hominem,
1089 1333 1559 1413 sequestretur,
1631 1334 1704 1391 ut
1760 1325 1877 1392 lite
1920 1326 2109 1391 finita
2154 1326 2405 1391 victrici
2452 1324 2631 1410 parti
2670 1322 2872 1393 detur,

486 1420 693 1501 prout
728 1413 901 1499 juris
947 1412 1124 1481 ratio·
1158 1413 1370 1499 >exigit
1413 1421 1479 1480 et
1523 1412 1817 1501 requirit.

1496 1759 1673 1842 Cap.
1717 1755 1875 1823 ΧΠ.

1387 1878 1489 1943 De
1545 1878 1988 1963 carpentariis.

673 2022 735 2102 §-
783 2019 840 2085 1.
885 2016 1466 2105 Carpentariorum
1511 2033 1705 2081 usum
1752 2015 2197 2103 approbamus
2240 2016 2311 2081 in
2358 2014 2691 2083 montibus
2735 2038 2885 2083 esse

499 2112 699 2194 quam'
759 2105 1116 2191 plurimum
1177 2125 1266 2190 op
1313 2111 1657 2187 ortunum3
1714 2123 1993 2190 quorum
2055 2102 2345 2172 officium
2407 2110 2525 2183 est,
2573 2101 2655 2169 de
2701 2105 2879 2189 peri-

343 2192 350 2200 ’
487 2191 668 2275 culo,
713 2192 890 2279 quod
933 2213 1020 2257 ex
1066 2212 1222 2257 casu
1295 2189 1583 2277 apidum,
1618 2190 1959 2270 cistarum,
2006 2197 2121 2255 aut
2166 2190 2649 2277 compressione
2696 2212 2885 2255 mon-

493 2282 660 2346 tium
719 2278 827 2344 vel
889 2278 1084 2344 modo
1149 2285 1373 2363 posset
1429 2274 1561 2341 alio
1607 2275 1905 2361 quolibet
1948 2277 2307 2352 imminere,
2354 2298 2505 2341 cum
2550 2278 2735 2343 omni
2781 2278 2881 2343 in-

495 2366 692 2453 genio
739 2366 1080 2451 sagaciter,
1125 2363 1470 2449 providere
1513 2360 2145 2448 robustisfirmando
2170 2362 2653 2445 sustentaculis,
2700 2364 2888 2451 quid-

498 2452 658 2540 quid
718 2453 786 2517 in
845 2449 1349 2536 argentifodinis
1410 2450 1749 2514 ruinosum
1812 2457 2129 2536 appareat
2172 2457 2238 2515 et
2284 2448 2629 2532 caducum,
2672 2451 2769 2515 ita
2813 2459 2889 2516 ut

547 2537 862 2603 ericulum
924 2538 1278 2603 imminens
1337 2545 1468 2603 tam
1534 2536 1870 2622 personis,
1932 2556 2129 2622 quam
2190 2536 2526 2603 montibus
2588 2538 2889 2623 ipsorum

497 2562 847 2709 {diligentia
893 2626 1200 2706 evitetur,
1249 2632 1314 2691 et
1358 2623 1581 2687 omnia
1624 2644 1743 2709 pro
1788 2622 2075 2688 utilitate
2134 2622 2537 2704 colonorum,
2600 2644 2889 2709 quorum

491 2713 571 2777 in
615 2712 754 2798 'hfiss
811 2718 996 2797 parte
1056 2712 1188 2775 sint
1254 2710 1505 2786 oculus,
1571 2708 1879 2777 ordinent
1924 2718 1989 2775 et
2033 2709 2402 2796 disponent.
2490 2713 2553 2792 ξ.
2592 2710 2659 2777 2.
2750 2709 2887 2777 Sed

501 2795 938 2864 inter-cetera
981 2804 1316 2884 tamquam
1366 2796 1789 2881 indagatores
1837 2795 2049 2862 seduli
2093 2804 2593 2883 praecaventes,
2636 2818 2721 2863 ne
2746 2819 2883 2863 me-

501 2893 648 2951 atus
699 2884 842 2970 jam
903 2884 1158 2949 inventi
1217 2882 1325 2947 vel
1385 2882 1743 2964 metallum,
1806 2890 1878 2947 ut
1921 2882 2079 2947 mali
2123 2880 2421 2947 homines
2465 2883 2688 2951 facere
2733 2906 2889 2957 con·

501 2978 876 3052 sueverunt,
939 2970 1330 3056 cujusquam
1392 2968 1542 3037 dolo
1604 2967 1709 3039 vel
1768 2971 2013 3035 astutia
2055 2969 2441 3035 occultetur.
2529 2972 2593 3051 ἓ.
2641 2972 2703 3035 3.
2750 2971 2886 3036 De-

499 3059 660 3124 bent
720 3059 918 3123 etiam
963 3056 1361 3143 carpentarii
1408 3076 1527 3141 per
1571 3056 1950 3137 urburarios
1994 3055 2080 3120 ad
2126 3056 2252 3122 hoc
2295 3057 2513 3121 vocati
2557 3056 2886 3124 interesse

502 3166 651 3209 cum
719 3142 1139 3209 scansoribus
1206 3142 1292 3206 ad
1359 3144 1775 3228 quaestiones
1843 3134 2275 3207 confiniorum
2366 3164 2575 3231 aequo
2626 3144 2888 3229 judicio

407 3232 428 3291 ’.’
503 3228 940 3313 ἀθοίψᾱεηᾶαες
1001 3251 1151 3293 nam
1197 3230 1489 3315 ipsorum
1537 3229 1946 3315 experientia
1989 3229 2343 3316 plurimum
2388 3230 2456 3292 in
2504 3228 2635 3297 hiis
2678 3252 2885 3317 quae·

503 3315 822 3382 stionibus
867 3323 1191 3401 operatur.
1262 3315 1318 3399 §.
1363 3316 1426 3381 4.
1471 3314 1931 3381 Juramentum
1978 3323 2194 3380 autem
2242 3316 2405 3401 ipsis
2450 3318 2889 3402 carpentariis

505 3401 588 3468 ab
635 3402 1000 3467 urburariis
1045 3409 1383 3483 statuetur,
1432 3402 1589 3488 quia
1632 3402 1935 3467 nolumus
1983 3402 2263 3487 alicujus
2312 3403 2520 3488 jurati
2568 3403 2890 3481 ,officialis

502 3490 908 3554 autenticum
944 3508 1089 3571 esse
1106 3489 1571 3570 testimonium,
1620 3488 1748 3554 nisi
1795 3487 1879 3554 ab
1925 3487 2288 3555 urburariis
2332 3490 2659 3575 receperit
2693 3491 2888 3577 jura-

483 3584 818 3649 mentum,
867 3579 926 3657 ξ.
952 3576 1012 3641 5.
1047 3572 1417 3660 Omniaque
1443 3573 1859 3661 displicentia
1906 3575 2151 3640 debent
2187 3575 2517 3661 magistris
2564 3578 2888 3643 montium

507 3682 840 3739 accusare,
902 3669 968 3726 et
1027 3662 1593 3749 quotienscunque
1653 3682 1772 3747 per
1830 3659 2212 3728 urburarios
2274 3662 2572 3749 requisiti
2618 3662 2889 3745 fuerint,

507 3748 676 3812 sicut
735 3747 848 3813 alii
910 3745 1244 3827 officiales,
1306 3747 1388 3813 de
1435 3747 1741 3815 omnibus
1784 3749 2105 3830 montium
2155 3747 2591 3841 displicentiis
2637 3772 2883 3817 meram

508 3832 752 3903 debent
796 3834 1014 3905 dicere
1057 3836 1420 3909 veritatem.
