3150 5017
1211 315 1645 380 ...85-

236 487 552 553 minorum
619 494 1012 570 nostrorum,
1058 487 1366 554 videlieet

234 575 402 660 regis
446 573 800 640 Bohemiae
861 583 925 640 et
968 577 1366 641 marchionis

236 662 583 744 Moraviae,
629 685 750 727 nos
785 663 991 748 jurati
1038 662 1364 748 Iglavien-

236 771 331 815 ses
357 750 736 815 statuimus:
783 754 844 832 ξ.
877 751 930 813 1.
955 748 1048 815 Ut
1077 751 1368 836 quicum·

237 858 354 922 que
395 845 690 902 nostrum
751 838 1026 902 moritur
1083 845 1148 902 et
1205 859 1365 902 uxo-

235 945 361 988 rem
394 922 730 1012 reliquerit
753 932 818 988 et
835 923 1128 1006 heredes,
1153 925 1366 1010 judex

235 1011 364 1075 sive
387 1010 746 1076 advocatus
770 1032 894 1076 nee
923 1011 1164 1098 aliquis
1197 1012 1366 1076 alius

235 1096 308 1161 de
371 1097 562 1164 bonis
633 1101 770 1164 suis
817 1121 887 1164 se
949 1097 1365 1185 aliquatenus

233 1185 628 1266 intromittat,
654 1186 772 1251 sed
795 1187 928 1250 sint
947 1185 1019 1250 in
1043 1194 1365 1272 potestate

233 1273 442 1338 uxoris
485 1281 554 1338 et
595 1272 930 1338 heredum.
969 1277 1025 1355 ξ.
1052 1275 1112 1339 2.
1145 1271 1215 1338 Si
1252 1295 1364 1339 au·

233 1367 348 1422 tem
395 1382 566 1426 uxor
611 1369 851 1426 statum
888 1381 1078 1424 suum
1107 1369 1363 1426 mutare

234 1444 516 1528 voluerit,
543 1446 626 1512 de
673 1447 948 1512 oonsilio
973 1446 1174 1512 faeiat
1203 1448 1359 1512 ami-

233 1555 472 1616 corum3
523 1533 760 1620 quodsi
806 1556 938 1600 non
985 1533 1232 1616 feeerit,
1283 1533 1362 1599 de

231 1619 406 1685 bonis
446 1620 582 1686 illis
630 1623 845 1686 minus
889 1619 1176 1686 habebit.
1212 1626 1272 1703 ξ.
1305 1621 1362 1684 3.

231 1707 307 1772 Et
347 1708 414 1772 in
457 1708 733 1774 arbitrio
801 1709 883 1772 sit
942 1709 1359 1788 uniuscujus-

232 1816 344 1879 que
385 1795 682 1862 mulieris
706 1804 771 1860 et
794 1795 1086 1881 virginis,
1111 1794 1360 1860 nubere

232 1879 702 1964 vel„continere,
731 1883 885 1969 quia
931 1890 1159 1948 coacta
1205 1903 1358 1946 eon-

226 1967 396 2052 jugia
440 1991 592 2034 raro
629 1968 910 2055 placent.
960 1973 1020 2052 ξ.
1043 1969 1104 2034 4.
1139 1968 1208 2033 Si
1241 1990 1357 2032 au-

233 2061 347 2118 tem
391 2055 635 2156 aliquis
680 2057 955 2120 moritur
977 2056 1120 2121 sine
1150 2076 1357 2121 uxore

233 2149 290 2233 et
328 2140 546 2208 liberls
582 2150 650 2208 et
670 2151 1134 2210 testamentum
1167 2164 1355 2207 suum

231 2249 350 2292 non
392 2229 564 2312 feeit,
615 2231 836 2294 omnia
858 2229 1034 2294 bona
1063 2251 1182 2294 sua
1214 2252 1358 2315 pro-

229 2313 390 2380 ximo
437 2317 676 2383 cedent
721 2339 836 2381 suo
883 2315 1129 2382 heredi.
1185 2321 1247 2398 ξ.
1295 2315 1355 2382 5.

228 2401 305 2465 Et
367 2405 418 2466 si
477 2402 789 2470 heredem
849 2426 983 2468 non
1035 2401 1379 2484 habuerit‚·

228 2487 330 2552 fiat
371 2489 448 2556 de
492 2489 694 2556 rebus
740 2491 876 2554 suis
921 2498 986 2555 et
1032 2489 1112 2553 de
1165 2487 1357 2554 bonis

230 2577 350 2640 suis
372 2577 436 2642 in
459 2577 643 2643 hunc
674 2578 974 2642 modum:
1019 2577 1174 2642 Una
1205 2599 1357 2662 pars

232 2664 405 2728 cedat
443 2688 569 2754 pro
615 2667 834 2729 aniina
896 2686 1036 2746 sua,
1098 2664 1228 2728 alia
1274 2661 1358 2728 ad

232 2751 358 2814 vias
403 2763 463 2817 et
506 2758 766 2839 pontes,
813 2752 1006 2816 tertia
1042 2751 1126 2814 ad
1160 2772 1355 2836 nego-

231 2837 311 2899 tia
353 2839 653 2921 civitatis,
679 2847 743 2903 et
774 2837 899 2902 hoc
912 2839 1118 2922 jurati
1151 2837 1357 2925 aliqui

231 2923 426 2990 faeere
445 2934 816 2992 teneantur.
838 2930 899 3008 ξ.
919 2925 976 2990 6.
999 2925 1120 3007 (De
1136 2925 1355 3010 morte)

231 3009 309 3074 Et
349 3010 744 3100 ubicumque
792 3011 1086 3077 locorum
1119 3011 1356 3099 aliquis

234 3100 485 3164 moritur
529 3122 802 3187 compos
835 3099 1128 3180 rationis,
1176 3100 1355 3186 quie·

235 3183 376 3268 quid
419 3185 496 3252 de
540 3187 742 3252 rebus
767 3187 902 3252 suis
935 3185 1355 3269 ordinaverit,

235 3279 425 3337 ratum
471 3276 616 3340 erit.
663 3278 720 3357 ξ.
767 3276 826 3340 7.
875 3273 945 3339 Si
990 3282 1210 3338 autem
1242 3271 1356 3338 ali-

236 3357 366 3442 quis
408 3363 660 3427 alienus
705 3361 899 3428 homo
945 3359 1220 3424 moritur
1263 3361 1356 3423 in-

235 3449 486 3513 testatus
531 3457 598 3514 et
644 3449 725 3514 de
769 3447 966 3515 rebus
1014 3448 1148 3511 suis
1192 3444 1358 3510 nihil

238 3531 638 3617 ordinaverit,
688 3536 892 3620 jurati
945 3556 1049 3600 res
1096 3555 1248 3598 suas
1295 3542 1360 3598 et

238 3615 394 3685 bona
435 3645 552 3688 sua
613 3621 735 3688 sub
797 3620 1012 3708 sigillo
1073 3622 1357 3686 civitatis

241 3725 342 3788 per
381 3712 533 3796 anni
579 3712 863 3797 spatium
896 3707 1232 3774 observari
1266 3707 1357 3772 fa-

244 3792 413 3878 cient,
457 3806 528 3861 ut
573 3797 689 3879 (et)
738 3797 792 3862 si
819 3797 1033 3861 medio
1065 3803 1356 3882 tempore

245 3877 458 3965 aliquis
502 3885 861 3948 amicorum
893 3881 998 3948 vel
1031 3882 1354 3947 sociorum

245 3984 481 4034 suorum
528 3993 678 4035 oum
724 3971 918 4037 certis
963 3969 1224 4035 indiciis
1249 3989 1353 4034 ve-

245 4054 412 4136 nerit,
454 4055 630 4123 bona
656 4056 834 4125 illius
865 4055 1188 4123 obtinebit
1203 4058 1354 4142 jure

248 4137 522 4209 civitatis.
570 4149 630 4226 ξ.
678 4147 739 4210 8.
780 4143 852 4210 Si
883 4153 1101 4210 autem
1133 4142 1356 4208 nullus

246 4222 399 4292 infra
439 4233 592 4296 anni
647 4233 930 4319 spatium
991 4231 1249 4297 venerit
1294 4239 1358 4294 et

248 4307 417 4397 ultra,
471 4315 643 4385 bona
704 4341 822 4387 sua
880 4318 973 4386 in¹
1008 4319 1138 4385 tria
1194 4316 1355 4383 divi-

1473 490 1798 554 minorum
1862 498 2253 574 nostrorum,
2310 492 2618 560 videlieet

1472 577 1647 662 regis
1704 578 2017 643 Boemiae
2087 586 2151 643 et
2216 578 2615 646 marchionis

1469 663 1827 746 Moraviae,
1874 686 1995 729 nos
2032 665 2237 752 jurati
2282 666 2615 752 Iglavien-

1471 773 1578 816 ses
1597 753 1973 816 statuimus:
2030 756 2088 834 ἓ.
2133 751 2187 818 1.
2218 753 2311 820 Ut
2343 754 2613 839 quicun-

1471 860 1600 925 que
1626 846 1920 904 nostrum
1944 840 2221 904 moritur
2243 847 2307 905 et
2338 861 2613 906 uxorem

1475 925 1819 1012 reliquerit
1844 935 1909 991 et
1923 924 2219 1008 heredes,
2246 926 2457 1010 judex
2474 928 2612 993 sive

1473 1013 1837 1078 advocatus
1882 1035 2006 1077 nee
2050 1011 2289 1100 aliquis
2322 1012 2491 1078 alius
2530 1015 2612 1080 de

1467 1099 1659 1166 bonis
1704 1101 1838 1166 suis
1863 1122 1932 1164 se
1956 1098 2370 1187 aliquatenus
2414 1102 2609 1168 intro-

1466 1188 1723 1269 mittat,
1786 1187 1903 1253 sed
1964 1188 2095 1251 sint
2159 1189 2228 1252 in
2290 1195 2609 1274 potestate

1470 1275 1694 1338 uxoris
1741 1285 1804 1339 et
1847 1272 2180 1340 heredum.
2226 1279 2287 1357 ἓ.
2312 1275 2374 1339 2.
2401 1275 2472 1341 Si
2496 1297 2606 1340 au-

1466 1369 1596 1425 tem
1643 1382 1812 1425 uxor
1870 1369 2111 1424 statum
2164 1362 2308 1447 ejus
2353 1370 2608 1428 mutare

1467 1447 1768 1530 voluerit,
1817 1448 1897 1512 de
1923 1447 2197 1512 consilio
2224 1448 2424 1515 faeiat
2446 1451 2607 1513 ami-

1465 1555 1726 1615 corum;
1774 1533 1951 1622 quod
1997 1536 2050 1599 si
2089 1556 2223 1600 non
2248 1534 2496 1617 feeerit,
2531 1535 2611 1602 de

1463 1621 1655 1686 bonis
1702 1631 2001 1709 quartam
2047 1630 2304 1686 tantum
2352 1621 2608 1688 obtine-

1463 1707 1559 1773 bit
1604 1716 1877 1792 partem,
1922 1730 2073 1773 eum
2136 1708 2217 1774 de
2276 1709 2421 1795 jure
2480 1717 2610 1774 ter-

1462 1797 1621 1860 tiam
1670 1795 1938 1861 deberet
1983 1795 2302 1861 obtinere.
2329 1800 2389 1878 §.
2423 1795 2484 1860 3.
2518 1796 2607 1862 Et

1463 1883 1532 1946 in
1605 1882 1873 1947 arbitrio
1944 1882 2029 1946 sit
2087 1884 2609 1969 uniuscujusque

1463 1967 1759 2034 mulieris
1806 1977 1870 2034 et
1913 1969 2191 2054 virginis
2221 1969 2470 2034 nubere
2500 1969 2609 2034 vel

1462 2057 1817 2136 continere,
1874 2055 2028 2140 quia
2089 2063 2317 2121 coacta
2380 2057 2603 2140 conju·

1465 2143 1574 2228 gia
1620 2165 1769 2207 raro
1816 2140 2103 2228 placent.
2152 2146 2213 2224 ξ.
2258 2142 2320 2206 4.
2376 2141 2446 2207 Si
2493 2163 2605 2206 au-

1464 2240 1595 2295 tem
1645 2228 1881 2316 aliquis
1925 2229 2200 2292 moritur
2231 2232 2369 2292 sine
2404 2250 2609 2294 uxore

1466 2327 1531 2382 et
1575 2314 1800 2382 liberis
1848 2325 1914 2381 et
1956 2323 2425 2380 testamentum
2470 2337 2606 2380 non

1465 2402 1713 2485 feeerit,
1776 2403 1999 2467 omnia
2056 2400 2235 2468 bona
2294 2423 2413 2469 sua
2458 2423 2606 2488 pro-

1463 2492 1642 2556 ximo
1690 2490 1925 2556 cedent
1972 2511 2087 2553 suo
2133 2489 2378 2555 heredi.
2429 2494 2493 2572 ἓ.
2541 2489 2603 2556 5.

1462 2577 1552 2642 Et
1640 2579 1694 2642 si
1777 2575 2087 2642 heredem
2171 2597 2305 2640 non
2398 2575 2605 2642 habu-

1463 2666 1607 2746 erit,
1652 2665 1767 2730 fiat
1813 2664 1894 2729 de
1954 2662 2151 2728 rebus
2212 2663 2348 2728 suis
2409 2673 2474 2728 et
2522 2663 2605 2728 de

1463 2751 1655 2816 bonis
1701 2753 1834 2816 suis
1858 2752 1925 2815 in
1950 2748 2129 2814 hune
2159 2749 2457 2816 modum:
2489 2750 2606 2815 Di-

1462 2839 1774 2902 vidantur
1803 2839 1873 2902 in
1895 2846 2029 2902 tres
2054 2845 2291 2924 partes,
2327 2859 2605 2923 quarum

1465 2925 1679 3014 prima
1706 2924 1896 2990 cedet
1918 2947 2036 3010 pro
2065 2925 2286 2988 anima
2311 2945 2447 3006 sua,
2473 2922 2605 2988 alia

1463 3009 1548 3077 ad
1597 3013 1736 3076 vias
1762 3022 1827 3077 et
1848 3020 2081 3098 pontes
2114 3010 2600 3088 instaurandos,

1462 3101 1655 3165 tertia
1700 3098 1784 3163 ad
1845 3098 2109 3183 negotia
2171 3097 2491 3176 eivitatis3
2539 3105 2606 3162 et

1461 3186 1588 3252 hoe
1632 3186 1746 3250 fiat
1792 3184 2122 3272 aliquibus
2160 3182 2603 3249 mediantibus

1467 3275 1717 3338 'uratis.
1778 3277 1837 3356 ξ.
1886 3273 1944 3337 6.
2013 3271 2181 3342 Item
2226 3269 2603 3358 ubieunque

1452 3297 1759 3425 locorum
1776 3359 2014 3445 aliquis
2037 3359 2310 3424 moritur
2335 3380 2604 3444 compos

1462 3448 1759 3530 rationis,
1793 3446 2103 3535 quiequid
2131 3446 2210 3511 de
2242 3443 2443 3510 rebus
2469 3447 2603 3510 suis

1463 3534 1866 3600 ordinaverit
1898 3554 2117 3597 eoram
2152 3533 2313 3598 viris
2343 3531 2603 3597 idoneis

1462 3621 1593 3686 fide
1640 3621 1856 3707 dignis
1901 3618 2012 3684 vel
2045 3621 2287 3706 juratis
2334 3618 2441 3684 vel
2484 3641 2602 3684 suo

1463 3708 1768 3796 plebano,
1830 3717 2044 3774 ratum
2107 3708 2246 3772 erit.
2311 3709 2368 3787 ξ.
2414 3705 2474 3770 7.
2530 3705 2600 3770 Si

1462 3805 1681 3861 autem
1705 3794 1941 3880 aliquis
1966 3792 2218 3858 alienus
2241 3790 2435 3857 homo
2468 3814 2603 3857 mo-

1462 3885 1629 3948 ritur
1664 3883 2013 3947 intestatus
2039 3887 2103 3945 et
2141 3877 2222 3944 de
2243 3878 2442 3945 rebus
2469 3881 2603 3945 suis

1462 3969 1626 4034 nihil
1652 3968 2076 4049 ordinaverit,
2103 3967 2309 4054 jurati
2326 3988 2431 4031 res
2450 3988 2601 4032 suas

1462 4065 1528 4121 et
1569 4055 1749 4121 bona
1793 4076 1913 4120 sua
1958 4052 2080 4118 sub
2128 4053 2342 4140 sigillo
2370 4055 2599 4119 civita-

1461 4145 1545 4208 tis
1590 4165 1709 4230 per
1750 4142 1913 4206 anni
1944 4142 2230 4228 spatium
2262 4139 2605 4208 observari

1463 4229 1725 4312 facient,
1757 4237 1830 4293 ut
1856 4229 1977 4317 (et)
1997 4229 2052 4293 si
2068 4227 2285 4293 medio
2304 4237 2599 4316 tempore

1462 4317 1702 4404 aliquis
1748 4318 2107 4384 amicorum
2136 4315 2243 4382 vel
2278 4316 2601 4382 sociorum
