3150 5017
728 658 881 735 XV,
936 658 1018 724 In
1084 660 1264 725 omni
1335 661 1700 726 'uramento

556 745 835 835 quilibet
927 744 1125 815 homo
1216 768 1305 811 er
1386 746 1700 835 olunge

551 830 796 898 habere
840 841 1100 920 potest,
1162 833 1293 901 nisi
1335 835 1407 898 in
1442 834 1699 919 judicio

548 920 1009 1007 peremptorio,
1058 920 1235 1007 quod
1278 920 1480 985 semel
1524 922 1600 987 fit
1627 924 1700 985 in

554 1026 731 1073 anno
770 1017 923 1095 post
966 1006 1207 1075 festum
1251 1028 1508 1095 pascae.

684 3703 885 3771 XVI.
930 3704 1003 3769 Si
1049 3706 1201 3791 quis
1240 3704 1435 3769 homo
1487 3704 1671 3790 jura·

532 3800 756 3856 mento
784 3790 865 3857 de
887 3791 1111 3879 aliqua
1132 3812 1333 3857 causa
1344 3790 1455 3857 vel
1478 3794 1676 3877 culpa

537 3897 607 3941 se
651 3899 1028 3964 expurgare-
1039 3878 1339 3943 debuerit
1385 3900 1532 3943 cum
1585 3884 1677 3942 te-

535 3959 743 4031 stibus
768 4014 785 4045 ‚
830 3975 897 4029 et
938 3964 994 4030 si
1040 3966 1465 4031 adversarius·
1518 3985 1675 4029 suus

534 4059 765 4115 contra
834 4052 1115 4139 aliquem
1148 4051 1437 4125 ,illorum
1496 4053 1674 4116 exci-

620 4158 689 4201 re
736 4136 1021 4203 voluerit
1079 4139 1185 4205 vel
1232 4136 1517 4225 aliquem
1565 4160 1669 4204 re-

522 4242 769 4309 jiceret
813 4222 938 4289 hoc
982 4224 1179 4294 deb‘et
1220 4224 1459 4307 facere,
1492 4234 1672 4291 ante-

530 4331 729 4399 qua-m
776 4330 1013 4377 manus
1056 4311 1127 4375 in
1172 4332 1367 4377 cruce
1386 4319 1672 4398 ponant3

1711 315 1798 377 94
1883 349 1968 365 ...-

1801 488 2099 574 scriptori
2145 508 2299 553 vero
2343 486 2495 571 duo,
2562 490 2654 555 ab
2701 512 2774 555 eo
2813 492 2932 577 qui

1793 574 2020 659 jurare
2063 575 2427 643 tenebatur.

1978 662 2122 729 XV.
2183 662 2283 727 De
2327 685 2414 746 ee,
2473 664 2642 749 quod
2705 663 2933 728 dicitur

1807 746 2154 835 erholwnyc.
2243 754 2305 833 ξ.
2363 756 2420 816 1.
2491 750 2572 815 In
2631 748 2932 815 mnibus

1805 837 2039 917 causis,
2125 858 2296 923 quae
2379 856 2602 901 coram
2670 835 2936 923 judiciis

1806 931 2187 1005 tractantur,
2244 944 2287 988 a
2343 922 2512 990 festo
2569 923 2931 991 nativitatis

1804 1008 2076 1075 Domini
2145 1030 2356 1097 usque
2435 1017 2584 1097 post
2667 1018 2937 1076 octavas

1797 1096 2082 1181 paschae
2149 1099 2451 1185 proxima
2505 1096 2673 1163 feria
2725 1106 2937 1180 sexta,

1799 1205 1932 1270 qua
1997 1185 2104 1250 die
2183 1186 2424 1251 'udicio
2497 1186 2936 1271 peremptorie

1794 1270 2142 1359 praesiden
2195 1291 2306 1336 um
2351 1279 2470 1355 est,
2515 1271 2794 1357 quilibet
2814 1271 2933 1337 ho-

1799 1378 1908 1423 mo
1966 1359 2376 1425 iterationem
2453 1380 2614 1424 suae
2669 1378 2936 1441 causae,

1798 1443 1976 1531 quod
2018 1447 2220 1531 vulgo
2279 1446 2614 1531 erkoluuqe
2671 1446 2934 1527 dicitur,

1797 1530 2040 1597 habere
2099 1532 2368 1620 potorit3
2437 1552 2634 1619 quam
2694 1534 2766 1597 in
2823 1532 2936 1597 die

1785 1617 2024 1705 judicii
2066 1622 2491 1707 peremptorii
2535 1618 2760 1685 nullus
2817 1619 2937 1685 ha-

1794 1706 1948 1771 bere
1973 1707 2226 1792 poterit.
2274 1710 2334 1788 ἓ.
2379 1706 2439 1771 2.
2487 1706 2788 1787 Quatuor
2817 1728 2934 1771 au-

1791 1800 1922 1857 tem
1969 1798 2204 1859 causas
2249 1794 2612 1880 excipimus
2673 1792 2760 1857 ab
2806 1792 2942 1859 hoc

1792 1880 2006 1965 rigore
2038 1881 2228 1965 juris,
2291 1880 2601 1945 videlicet
2659 1880 2935 1945 homici-

1794 1966 1972 2031 dium
1993 2018 2009 2048 ,
2071 1961 2368 2055 stuprum
2427 1968 2567 2031 sive
2626 1966 2935 2033 violatio-

1791 2076 1942 2120 nem
1959 2056 2307 2140 virgiuum,
2352 2056 2582 2119 vitium
2621 2053 2937 2120 falsitatis

1790 2140 2206 2207 denariorum
2249 2144 2354 2206 vel
2397 2142 2675 2227 argenti,
2742 2143 2934 2207 inva-

1787 2229 2038 2293 sionem
2064 2226 2315 2310 domus,
2361 2241 2528 2314 quae
2565 2227 2937 2313 vulgariter

1786 2316 2098 2380 heimsuch
2143 2314 2419 2398 dicitur3
2465 2336 2582 2401 pro
2643 2336 2932 2401 quarum

1789 2400 2083 2488 qualibet
2168 2423 2510 2467 causarum
2602 2402 2659 2465 si
2725 2402 2932 2467 homo

1787 2490 2128 2554 convictus
2169 2486 2392 2569 fuerit,
2434 2489 2504 2553 in
2527 2488 2666 2553 vita
2697 2488 2932 2575 damp-

1785 2584 2018 2657 natur;
2065 2576 2122 2640 si
2165 2574 2386 2661 aliqua
2415 2574 2647 2639 harum
2697 2598 2931 2641 causa-

1785 2684 1929 2727 rum
1991 2664 2060 2725 in
2123 2662 2293 2725 diem
2347 2661 2578 2745 judicii
2621 2684 2931 2749 peremp-

1783 2750 1934 2813 torii
1967 2747 2336 2833 judicanda
2382 2750 2714 2831 ceciderit,
2775 2771 2930 2815 reus

1785 2856 2053 2900 causam
2108 2856 2292 2900 suam
2359 2835 2694 2920 induciare
2739 2846 2930 2922 pote-

1781 2924 1868 2987 rit
1926 2943 2139 3011 usque
2203 2923 2274 2986 in
2334 2922 2509 2988 diem
2551 2924 2930 3008 proximam

1784 3019 2184 3095 sequentem,
2243 3018 2310 3073 et
2368 3009 2602 3073 iterum
2661 3009 2750 3075 ab
2817 3007 2934 3073 illa

1782 3095 1890 3160 die
1957 3116 2166 3183 usque
2243 3095 2312 3160 in
2381 3097 2650 3160 terciam
2723 3096 2929 3179 diem,

1781 3183 1850 3247 in
1896 3203 2026 3269 quo
2070 3180 2253 3246 nullo
2299 3181 2588 3248 ulteriori
2647 3181 2927 3249 obtento

1779 3270 2058 3334 termino
2082 3277 2337 3355 oportet
2358 3267 2466 3335 vel
2495 3270 2710 3355 gratia
2747 3292 2929 3336 com-

1779 3356 2122 3443 positionis
2167 3354 2274 3425 vcl
2311 3355 2482 3443 juris
2517 3356 2738 3443 rigore
2769 3378 2929 3423 cau-

1781 3464 1919 3508 sam
1965 3442 2319 3508 terminari.
2411 3445 2474 3525 g.
2519 3444 2576 3507 3.
2665 3442 2927 3510 Omnes

1779 3550 2012 3595 causas
2035 3528 2160 3593 hiis
2205 3528 2453 3594 similes
2497 3528 2734 3595 eodem·
2765 3534 2929 3617 jare

1775 3616 2080 3682 volumus
2122 3616 2482 3680 terminari.

1954 3702 2134 3769 XVI.
2179 3702 2282 3766 De
2308 3703 2520 3787 viqore
2537 3704 2926 3769 testantium.

1781 3788 1850 3856 Si
1895 3792 2043 3875 quis
2075 3790 2410 3855 hominum
2426 3791 2817 3875 juramento
2849 3790 2927 3855 de

1780 3875 2002 3963 aliqua
2043 3898 2250 3942 causa
2293 3876 2400 3941 vel
2445 3875 2643 3963 culpa
2687 3898 2766 3943 se
2815 3900 2923 3943 ex·

1778 3984 2062 4052 purgare
2105 3962 2410 4029 debuerit
2439 3984 2588 4027 cum
2617 3964 2924 4045 testibus,

1778 4059 1846 4115 et
1902 4055 1958 4115 si
2017 4050 2435 4119 adversarius
2493 4052 2641 4135 ejus
2681 4061 2924 4118 centra

1778 4136 2066 4223 aliquem
2109 4158 2337 4202 eorum
2383 4138 2694 4221 excipere
2717 4136 2922 4205 habu—

1777 4226 1916 4307 erit,
1936 4223 2347 4312 veljaliquem
2367 4223 2920 4309 eorumweiicere:

1777 4310 1904 4376 hoc
1967 4310 2186 4395 faciat,
2255 4318 2608 4399 antequam
2645 4330 2920 4379 ·ma1ms
