3150 5017
1523 268 1992 333 —176-

1701 456 1817 520 IV.

731 609 905 675 Sane
948 609 1104 696 quia
1147 630 1265 695 per
1320 606 1620 675 infideles
1657 618 1724 674 et
1785 610 2162 695 transfugas
2222 608 2354 675 huc
2416 609 2706 695 illucque
2766 611 2923 676 inter

558 698 790 761 mundi
834 698 1167 783 principes
1214 694 1654 761 discurrentes
1713 698 2024 761 seminari
2083 694 2297 761 solent
2364 696 2695 782 pestifera,
2755 696 2921 783 pacis

558 782 892 849 turbantia
940 783 1307 867 puritatem,
1354 802 1521 867 quae
1566 780 1894 846 interdum
1941 784 2101 869 ipsis
2151 780 2558 868 principibus
2615 802 2754 846 non
2803 792 2924 846 tam

558 870 941 955 temporalis
985 867 1476 952 tranquillitatis
1522 868 1955 949 commodum,
2003 871 2420 954 quam-vitae
2481 868 2742 933 futurae
2791 867 2926 931 sub·

558 954 727 1019 sidia
773 951 890 1040 per
932 976 1313 1038 guerrarum
1362 954 1740 1018 discrimina
1783 955 2084 1019 adimunt
2146 963 2559 1043 opportuna:
2617 955 2924 1039 promitti-

558 1063 705 1104 mus
742 1042 936 1123 juxta
980 1041 1459 1121 ordinationem
1506 1040 1904 1125 praedictam
1949 1062 2084 1104 non
2129 1049 2465 1126 receptare
2508 1038 2816 1104 infideles
2853 1062 2926 1104 ex

557 1134 744 1213 parte
789 1128 995 1213 ipsius
1039 1126 1211 1209 regis
1255 1126 1591 1209 Ungariae
1635 1125 1722 1190 ad
1765 1147 1884 1191 nos
1910 1126 2444 1212 transfugientes,
2489 1146 2612 1189 nec
2656 1128 2754 1189 eis
2787 1124 2922 1189 sub-

558 1213 797 1277 sidium
840 1211 951 1277 vel
992 1209 1463 1295 benignitatem
1508 1211 1793 1297 aliquam
1839 1213 2305 1298 impertiemur,
2351 1211 2468 1277 sed
2495 1214 2676 1295 ipsos
2719 1212 2924 1298 potius

558 1306 693 1362 tam
744 1319 894 1361 uam
942 1297 1109 1361 male
1156 1299 1423 1362 meritos
1468 1297 1917 1379 excludemus,
1963 1320 2087 1363 nec
2129 1320 2246 1386 per
2268 1298 2514 1363 amicos
2539 1307 2802 1363 nostros
2841 1318 2913 1362 ve

561 1383 685 1449 sub
736 1386 858 1449 itos
901 1385 1225 1469 receptari
1272 1383 1377 1449 vel
1423 1384 1631 1449 foveri
1675 1383 2095 1470 aliquatenus
2140 1384 2480 1470 patiemur.
2528 1468 2530 1470 p
2737 1408 2744 1413 ·

1709 1539 1789 1605 V.

730 1661 934 1723 Porro
980 1658 1135 1743 quia
1180 1657 1529 1744 multiplex
1569 1668 1704 1724 tam
1752 1660 2345 1745 consanguinitatis
2376 1680 2567 1745 quam
2596 1658 2924 1723 affinitatis

566 1746 825 1810 affectio
873 1743 958 1808 ad
1004 1742 1465 1808 correlativum
1512 1766 1800 1811 amorem
1846 1769 1966 1811 nos
2011 1755 2289 1827 possunt
2333 1756 2398 1810 et
2442 1744 2684 1810 debent
2713 1755 2923 1809 mutuo

562 1832 857 1904 incitare,
902 1850 1021 1915 pro
1069 1830 1528 1896 observatione
1573 1835 1758 1918 pacis
1803 1854 1981 1897 nunc
2005 1833 2216 1897 factae
2261 1840 2327 1896 et
2369 1833 2437 1896 in
2461 1841 2795 1917 posterum
2822 1830 2924 1893 du·

557 1917 823 1981 'raturae
869 1917 1305 2002 promittimus
1350 1926 1415 1982 et
1459 1920 1874 1999 assumimuS,
1920 1927 1994 1983 ut
2039 1920 2093 1983 si
2138 1917 2362 2004 aliqua
2393 1926 2758 2003 temporum
2795 1938 2922 2002 pro-

560 2000 855 2067 cessibus
900 2004 1293 2068 successivis
1339 2005 1747 2089 contingeret
1791 2004 2074 2071 suboriri
2118 2004 2274 2068 hinc
2317 2002 2514 2084 inde,
2577 2025 2744 2088 quae
2801 2014 2924 2067 tur·

559 2086 720 2153 bare
765 2097 1034 2173 possent
1078 2090 1260 2173 pacis
1306 2098 1370 2153 et
1415 2091 1807 2155 concordiae
1851 2091 2196 2156 unionem:
2241 2111 2404 2175 pace
2469 2089 2699 2155 eadem
2758 2108 2923 2152 nunc

561 2176 739 2239 facta
781 2176 850 2238 in
897 2194 1015 2239 suo
1060 2174 1293 2240 robore
1338 2186 1766 2261 permanente
1795 2198 1992 2262 super
2013 2177 2428 2262 gravioribus
2456 2196 2624 2261 quae
2648 2182 2921 2261 exparte

562 2258 900 2325 hominum
946 2270 1321 2325 nostrorum
1366 2271 1597 2325 contra
1639 2259 1936 2326 homines
1980 2264 2155 2347 regis
2220 2261 2554 2347 Ungariae
2621 2269 2921 2326 attentata

560 2346 811 2411 fuerint
900 2347 1037 2411 sive
1105 2348 1321 2429 facta,
1391 2350 1741 2435 episcopus
1830 2348 2289 2415 Olomucensis
2381 2356 2512 2412 tam
2602 2369 2688 2413 ex
2767 2346 2920 2411 ordi·

562 2433 749 2497 naria
808 2430 1261 2515 jurisdictione
1320 2454 1517 2518 quam
1587 2455 1672 2498 ex
1715 2436 1923 2521 ipsius
1970 2434 2442 2519 jurisdictionis
2488 2436 2558 2497 in
2626 2453 2757 2514 eos,
2821 2431 2920 2518 qui

563 2517 775 2583 eidem
823 2519 1125 2605 episcopo
1172 2518 1449 2601 subjecti
1495 2540 1628 2584 non
1678 2529 1850 2599 sunt,
1895 2523 2354 2607 prorogatione
2402 2541 2578 2583 nunc
2622 2519 2798 2583 facta
2831 2540 2917 2581 co·

558 2612 860 2687 gnoscet,
907 2612 974 2667 et
1016 2626 1184 2690 quae
1221 2606 1578 2690 judiciaria
1622 2609 2002 2671 maturitate
2048 2617 2310 2672 servata
2355 2606 2681 2670 invenerit
2707 2624 2915 2691 perpe·

562 2710 704 2754 ram
752 2696 1073 2754 attentata
1119 2712 1237 2755 seu
1282 2690 1457 2755 facta
1501 2694 1571 2755 in
1618 2693 2089 2778 praejudicium
2136 2695 2311 2779 regis
2353 2690 2689 2776 Ungariae
2736 2701 2801 2755 et
2821 2690 2916 2753 ho·

562 2776 814 2840 minum
862 2797 1149 2859 suorum,
1196 2776 1449 2863 prolata
1495 2778 1849 2843 diffinitiva
1915 2781 2243 2844 sententia
2300 2775 2702 2859 reformabit,
2760 2784 2916 2863 post·

608 2884 759 2927 uam
806 2860 889 2927 de
934 2884 1174 2927 causae
1219 2865 1467 2929 meritis
1513 2864 1912 2948 cognoverit,
1960 2876 2032 2928 ut
2077 2875 2178 2930 est
2211 2866 2419 2949 juris3
2481 2872 2547 2930 et
2604 2884 2771 2949 quae
2814 2858 2917 2925 dif-

616 2948 897 3029 niverit,
959 2970 1075 3035 per
1120 2971 1465 3015 censuram
1511 2951 2024 3015 ecclesiasticam
2072 2950 2273 3016 faciet
2311 2950 2668 3031 observari,
2694 2971 2830 3013 cum
2850 2944 2919 3009 id

558 3036 581 3098 i
633 3037 770 3099 sius
812 3036 990 3119 regis
1033 3033 1368 3120 Ungariae
1413 3044 1479 3100 et
1521 3039 1728 3102 nostri
1776 3038 2057 3102 barones
2103 3037 2554 3102 ordinaverint
2582 3038 2778 3122 juxta
2801 3042 2916 3098 tra.-

561 3058 765 3186 ditam
812 3119 938 3185 sibi
981 3120 1279 3202 formam,
1340 3129 1407 3187 et
1449 3124 1594 3210 ipse
1639 3145 1760 3187 rex
1804 3123 2140 3208 Ungariae
2186 3144 2265 3188 ac
2325 3145 2446 3188 nos
2508 3119 2917 3208 assumpseri-

560 3229 728 3287 mus,
773 3205 1363 3293 approbaverimus
1409 3219 1475 3272 et
1518 3208 2110 3294 emologaverimus
2171 3210 2534 3296 praemissa
2591 3210 2809 3273 omnia
2859 3210 2917 3270 ct

561 3291 825 3381 singula
871 3301 1233 3378 spontanea
1276 3292 1637 3359 voluntate.

733 3378 804 3443 Si
850 3400 1004 3444 vero
1050 3379 1275 3466 aliqua
1317 3382 1626 3465 graviora
1670 3402 1787 3466 per
1844 3380 2141 3446 homines
2202 3382 2376 3467 regis
2433 3379 2770 3466 Ungariae
2825 3373 2914 3439 vel

561 3463 846 3529 barones
892 3465 1191 3530 e'usdem
1237 3474 1557 3530 attentata
1602 3466 1848 3531 fuerint
1891 3467 2032 3533 sive
2075 3468 2267 3545 facta,
2331 3488 2447 3553 per
2507 3488 2681 3553 quae
2745 3462 2912 3529 nobis

561 3559 629 3616 et
672 3550 920 3615 homini
971 3572 1049 3615 us
1094 3552 1281 3636 regni
1326 3560 1777 3639 terrarumque
1803 3562 2171 3618 nostrarum
2202 3562 2422 3639 posset
2459 3551 2912 3640 praejudicium

557 3637 897 3723 generari:
944 3658 1142 3723 super
1184 3638 1265 3701 iis
1309 3637 1708 3703 venerabilis
1753 3648 1942 3725 pater
1971 3641 2057 3704 D.
2087 3639 2201 3703 Ph.
2232 3638 2702 3725 strigoniensis
2727 3635 2910 3702 archi·

559 3726 912 3811 episcopus
958 3744 1043 3787 ex
1088 3724 1419 3788 ordinaria
1455 3725 1945 3811 jurisdictione,
1992 3748 2185 3812 quam
2241 3748 2469 3791 omnes
2527 3724 2807 3790 barones
2859 3727 2911 3783 et

558 3808 861 3875 homines
907 3811 1091 3893 regni
1138 3809 1472 3895 Ungariae
1518 3813 1588 3876 in
1635 3831 1706 3875 se
1752 3822 2308 3898 prorogaverunt,
2353 3821 2708 3897 cognoscet
2742 3812 2910 3898 juxta

558 3895 833 3961 formam
879 3895 1139 3960 articuli
1183 3898 1482 3982 proxime
1527 3899 1844 3983 expressi,
1892 3909 1955 3963 et
2001 3898 2176 3983 quod
2240 3897 2643 3978 diffiniverit,
2703 3911 2908 3961 execu-

558 3982 723 4046 tioni
766 3980 1128 4064 mandabit,
1174 3984 1688 4050 contradictores
1731 4005 1850 4071 per
1893 4005 2240 4050 censuram
2286 3983 2793 4049 ecclesiasticam
2836 3977 2907 4041 di·

561 4068 827 4132 strictus
872 4068 1371 4157 compescendo.
2599 4133 2607 4139 .

731 4151 819 4217 Et
862 4154 932 4217 in
976 4152 1352 4241 hujusmodi
1406 4154 1910 4241 cognitionibus,
1957 4155 2463 4221 diffinitionibus
2523 4163 2589 4222 et
2648 4148 2902 4219 executi-

558 4236 798 4304 onibus
843 4258 1184 4308 causarum
1230 4243 1598 4329 procedent
1640 4242 1839 4311 iidem
1889 4244 2418 4330 archiepiscopus
2472 4251 2540 4309 et
2571 4242 2901 4329 episcopus,
