3150 5017
1369 285 1927 350 --276-

505 461 887 550 stringenda
931 469 1030 528 est
1091 459 1214 526 sub
1272 461 1546 548 ratione⁸
1596 467 1908 546 potestas,
1954 479 2079 525 nec
2122 459 2481 545 quidquam
2528 457 2875 544 agendum,

501 552 879 638 priusquam
942 548 1270 614 concitata
1329 549 1414 614 ad
1459 547 2009 635 tranquillitatem
2054 569 2243 612 mens
2286 546 2531 628 redeat,
2578 569 2655 611 eo
2700 545 2879 634 quod

505 637 959 703 commotionis
1017 643 1310 722 tempore
1346 637 1604 723 justum
1650 642 1841 722 putat
1883 657 2027 701 esse
2072 633 2376 701 omne‘id
2420 635 2595 720 quod
2624 634 2874 702 fecerit.

500 723 788 812 Ideoque
849 723 1236 790 deliberatio
1297 723 1603 789 omnibus
1662 730 1763 789 est
1818 722 2212 801 necessaria,
2258 743 2427 808 quae
2471 723 2875 788 indiscussos

501 812 839 878 hominum
883 810 1137 876 calores
1182 811 1420 897 poterit
1463 811 1818 877 refrenare.
1860 811 1950 876 Et
1994 811 2089 875 sic
2132 808 2289 874 boni
2332 807 2663 875 urburarii
2701 831 2875 874 com-

502 898 991 964 mendationem
1035 898 1165 964 Dei
1190 919 1270 962 ac
1291 897 1633 964 hominum
1678 897 2113 985 promerendo
2157 896 2241 962 ab
2290 897 2593 962 omnibus
2626 895 2875 962 illicitis

404 1017 407 1020 ·
499 1009 568 1052 se
614 993 998 1072 temperent,
1043 984 1384 1071 solumque
1409 987 1721 1072 aequitati
1746 992 1811 1050 et
1826 985 2121 1072 Justitiae
2166 983 2474 1049 studeant
2516 983 2876 1060 inhaerere,

503 1073 916 1160 litigantibus
984 1073 1380 1158 aequitatem
1447 1075 1518 1137 in
1586 1073 1895 1139 omnibus
1956 1073 2097 1138 suis
2162 1070 2581 1158 processibus
2654 1071 2874 1137 obser-

505 1163 744 1226 vando.
792 1164 853 1242 ξ.
879 1161 938 1226 6.
965 1158 1142 1224 Illud
1167 1161 1363 1226 etiam
1387 1159 1635 1247 pluries
1654 1162 2021 1246 recepimus
2064 1168 2436 1224 nostrorum
2480 1178 2643 1224 voce
2686 1157 2876 1223 lacri-

499 1246 726 1313 mabili
775 1253 1257 1328 montanorum,
1305 1249 1480 1334 quod
1525 1247 1874 1330 urburarfi,
1922 1247 2163 1334 quibus
2205 1254 2497 1312 nostram
2560 1245 2874 1312 urburam

497 1336 694 1400 certis
755 1333 1246 1399 conditionibus
1326 1341 1392 1400 et
1449 1356 1570 1420 pro
1632 1343 1810 1400 certa
1872 1334 2237 1400 locavimus
2297 1333 2631 1420 pensione,
2693 1334 2875 1420 ipsos

367 1468 374 1474 -
498 1431 616 1500 p'ro
663 1443 782 1486 suo
827 1419 1096 1486 metallo
1141 1429 1208 1486 et
1251 1421 1591 1487 laboribus
1636 1421 1877 1487 sudore
1920 1423 2136 1508 plenis
2180 1422 2611 1506 angariarunt
2666 1421 2873 1506 preci-

494 1509 621 1575 bus
685 1507 1079 1594 inportunis,
1149 1508 1388 1594 quibus
1456 1516 1728 1596 propter
1791 1511 2081 1596 ipsorum
2149 1509 2509 1594 potentiam
2569 1509 2878 1574 resistere

493 1617 628 1661 non
675 1594 1042 1678 audebant3
1107 1616 1254 1662 cum
1301 1596 1500 1661 iidem
1559 1596 1891 1663 urburarii
1949 1596 2373 1678 affirmarent,
2419 1617 2491 1660 se
2534 1594 2659 1660 hoc
2701 1593 2877 1659 velle

494 1684 564 1747 in
609 1681 976 1747 subsidium
1023 1681 1321 1748 obtinere
1365 1705 1645 1769 magnae
1705 1683 2131 1768 perditionis,⁴
2168 1703 2363 1770 quam
2408 1682 2525 1747 illo
2583 1702 2760 1749 anno
2800 1682 2875 1745 in

493 1769 743 1835 urbura
788 1776 1172 1856 paterentur
1214 1791 1291 1834 ac
1338 1792 1459 1857 pro
1505 1773 1765 1856 magnis
1810 1772 2113 1853 servitiis,
2162 1791 2335 1857 quae
2376 1768 2651 1836 Nostrae
2696 1789 2867 1834 com-

494 1855 898 1944 pellerentur
940 1856 1325 1944 impendere
1367 1857 1725 1944 Majestati.
1770 1858 1964 1924 Unde
2010 1879 2159 1922 cum
2207 1859 2598 1944 inportunae
2643 1877 2879 1943 preces

493 1951 833 2030 potentum
893 1965 1013 2029 pro
1073 1944 1426 2010 manifesta
1483 1944 1801 2011 violentia
1850 1944 2255 2029 judicentur,
2316 1944 2483 2009 tales
2540 1943 2880 2009 urburarii

493 2032 562 2096 in
607 2032 902 2117 ipsorum
949 2030 1253 2118 dampnis
1298 2031 1484 2097 lucra
1529 2040 1855 2098 sectantes
1900 2040 2225 2118 quaerunt
2282 2031 2595 2118 praedam
2656 2031 2878 2116 potius

493 2140 688 2205 quam
735 2116 1102 2182 subsidium
1150 2119 1222 2181 in
1267 2119 1601 2208 subjectis.
1677 2120 1778 2185 Ne
1823 2118 1989 2184 illud
2035 2121 2115 2184 de
2158 2125 2377 2185 cetero
2434 2119 2569 2195 fiat,
2614 2119 2879 2204 penitus

491 2203 956 2292 prohibemus,
1036 2204 1370 2287 volentes,
1439 2215 1511 2271 ut
1571 2206 1949 2294 quicunque
2006 2207 2500 2272 urburariorum
2560 2205 2879 2290 deinceps

505 2291 708 2364 alium
756 2292 1073 2380 quiquam
1121 2294 1534 2359 commisisse
1571 2291 1819 2359 fuerint
1862 2294 2203 2360 manifeste
2226 2292 2537 2368 convicti,
2585 2293 2875 2377 integra-

499 2378 652 2444 liter
695 2377 892 2444 laesis
937 2378 1160 2444 ablata
1202 2381 1572 2463 restituant,
1620 2389 1685 2446 et
1729 2381 2114 2447 tantundem
2165 2381 2429 2445 nomine
2475 2399 2726 2466 poenae
2756 2397 2879 2464 per

497 2473 795 2532 nostrum
843 2467 1272 2530 camerarium
1335 2468 1552 2533 virum
1614 2466 2048 2534 clarissimum
2096 2467 2255 2532 dare
2298 2467 2386 2532 ad
2429 2474 2723 2531 nostram
2770 2485 2877 2530 ca-

499 2572 744 2618 meram
808 2551 1300 2638 compellantur,
1361 2561 1437 2620 ut
1495 2576 1660 2641 quos
1718 2557 2022 2641 provisus
2068 2554 2301 2620 modus
2344 2554 2695 2640 aequitatis
2740 2573 2880 2617 non

497 2646 696 2720 arcet,
761 2640 1128 2705 severitatis
1184 2643 1364 2726 rigor
1416 2650 1793 2727 compescat
1834 2643 2054 2729 regiae
2096 2641 2386 2706 ultionis.
2434 2645 2493 2723 §-
2540 2641 2600 2706 7.
2647 2641 2879 2706 Bonae

500 2724 879 2790 discretioni
926 2729 1236 2792 convenit
1279 2729 1793 2811 urburariorum,
1839 2731 1909 2796 in
1955 2751 2074 2795 suo
2120 2729 2338 2794 officio
2381 2728 2550 2794 tales
2608 2727 2879 2812 judices

495 2819 562 2877 et
607 2811 922 2878 officiales
967 2813 1232 2897 habere,
1278 2835 1552 2902 quorum
1602 2815 1727 2881 sibi
1772 2817 1968 2886 fidem
1993 2824 2059 2881 et
2081 2815 2471 2882 industriam
2518 2815 2872 2880 aestiment

495 2898 922 2986 approbatam
949 2949 962 2976 ,
1031 2909 1097 2965 et
1163 2903 1273 2988 qui
1342 2924 1473 2967 non
1553 2904 1685 2968 sint
1751 2903 2129 2968 hominibus
2196 2903 2490 2986 onerosi;
2574 2901 2874 2988 alioquin

491 2987 654 3073 ipsis
715 2986 1246 3074 inproperabitur
1309 2990 1704 3072 verecunde,
1766 2990 1942 3077 quod
2006 2989 2323 3054 malorum
2386 2991 2724 3072 hominum
2774 2988 2881 3054 usi

493 3081 648 3138 sunt
691 3095 908 3160 opera,
955 3082 1020 3138 et
1063 3076 1436 3161 praecipue,
1484 3077 1660 3163 quod
1707 3099 1840 3142 non
1886 3085 2113 3142 carent
2158 3077 2469 3164 scrupulo
2533 3076 2875 3142 societatis

491 3158 805 3242 occultae,
855 3160 973 3226 sed
1016 3181 1166 3226 cum
1214 3165 1483 3248 possint,
1533 3164 1884 3229 manifesto
1928 3164 2205 3229 facinori
2230 3165 2539 3228 desinunt
2562 3162 2867 3245 obviar03

497 3245 676 3312 unde
721 3255 914 3312 caute
961 3247 1088 3312 sibi
1135 3249 1482 3314 consulant
1527 3250 1597 3315 in
1643 3251 1768 3316 hac
1813 3260 2020 3336 parte,
2068 3252 2223 3337 quia
2267 3272 2528 3337 semper
2568 3250 2881 3316 dominus

493 3333 709 3399 bonus
753 3333 864 3400 vel
911 3334 1122 3400 malus
1169 3336 1530 3401 secundum
1582 3359 1764 3402 suam
1814 3337 2131 3404 familiam
2170 3337 2530 3424 judicatur.

1454 3545 1468 3562 ⁰
1517 3597 1690 3678 Gap.
1735 3596 1854 3660 Vl.

1297 3732 1398 3795 De
1442 3731 1655 3817 officio
1683 3735 2073 3817 juratorum.

665 3851 947 3916 Nostrae
993 3849 1414 3936 benignitatis
1461 3851 1835 3916 sollicitudo
1895 3851 2204 3917 remediis
2266 3853 2571 3940 invigilat
2616 3853 2879 3940 subjec-

484 3948 723 4012 torum,
770 3959 895 4002 nec
940 3958 1276 4002 cessamus
1333 3939 1685 4025 inquirere,
1750 3939 1803 4002 si
1866 3938 2026 4023 quid
2074 3940 2159 4002 sit
2202 3939 2271 4004 in
2318 3949 2542 4005 nostro
2591 3941 2880 4026 argenti-

487 4024 666 4090 fodio
717 4023 1210 4109 corrigendum3
1261 4024 1540 4112 ideoque
1586 4025 1845 4090 labores
1890 4022 2301 4094 voluntarios
2348 4027 2743 4113 appetimus,
2808 4036 2883 4093 ut

489 4112 770 4198 quietem
820 4111 965 4176 aliis
1013 4132 1502 4198 praeparemus.
1592 4111 2141 4180 Consideratione
2186 4115 2607 4178 exactissima
2653 4113 2882 4199 perlu-

491 4206 792 4276 strantes,
864 4219 1123 4262 omnem
1193 4196 1673 4264 ordinationem
1740 4198 1923 4282 pacis
1990 4206 2057 4264 et
2122 4200 2461 4287 tranquilli
2531 4209 2743 4265 status
2806 4203 2881 4264 in

489 4281 820 4349 montibus
867 4285 1154 4348 maxime
1191 4288 1558 4370 juratorum
1590 4307 1673 4348 ex
1699 4283 1917 4348 officio
1964 4280 2355 4371 dependere,
2404 4296 2469 4352 et
2513 4287 2663 4354 ideo
2682 4286 2877 4373 quid-
