<?xml version="1.0" encoding="UTF-8"?>
<!DOCTYPE html PUBLIC "-//W3C//DTD XHTML 1.0 Transitional//EN"
    "http://www.w3.org/TR/xhtml1/DTD/xhtml1-transitional.dtd">
<html xmlns="http://www.w3.org/1999/xhtml" xml:lang="en" lang="en">
 <head>
  <title>
</title>
<meta http-equiv="Content-Type" content="text/html;charset=utf-8" />
  <meta name='ocr-system' content='tesseract 3.04.00' />
  <meta name='ocr-capabilities' content='ocr_page ocr_carea ocr_par ocr_line ocrx_word'/>
</head>
<body>
  <div class='ocr_page' id='page_1' title='image "./codexjurisbohem01unkngoog_0082.png"; bbox 0 0 3150 5017; ppageno 0'>
   <div class='ocr_carea' id='block_1_1' title="bbox 1483 286 2772 355">
    <p class='ocr_par' dir='ltr' id='par_1_1' title="bbox 1483 286 2772 355">
     <span class='ocr_line' id='line_1_1' title="bbox 1483 286 2772 355; baseline -0.002 0"><span class='ocrx_word' id='word_1_1' title='bbox 1483 286 1917 355; x_wconf 74' lang='lat'><strong>-72-</strong></span> <span class='ocrx_word' id='word_1_2' title='bbox 2284 322 2295 327; x_wconf 94' lang='lat'>-</span> <span class='ocrx_word' id='word_1_3' title='bbox 2730 296 2772 311; x_wconf 80' lang='lat'><em>-</em></span> 
     </span>
    </p>
   </div>
   <div class='ocr_carea' id='block_1_2' title="bbox 491 454 2905 2192">
    <p class='ocr_par' dir='ltr' id='par_1_2' title="bbox 517 454 2875 703">
     <span class='ocr_line' id='line_1_2' title="bbox 695 454 2871 550; baseline -0.005 -18"><span class='ocrx_word' id='word_1_4' title='bbox 695 470 756 549; x_wconf 72' lang='lat'><strong>§-</strong></span> <span class='ocrx_word' id='word_1_5' title='bbox 800 466 906 531; x_wconf 81' lang='grc'><strong>34.</strong></span> <span class='ocrx_word' id='word_1_6' title='bbox 951 464 1232 550; x_wconf 76' lang='lat' dir='ltr'><strong>Insuper</strong></span> <span class='ocrx_word' id='word_1_7' title='bbox 1262 460 1500 527; x_wconf 78' lang='lat' dir='ltr'><strong>nullus</strong></span> <span class='ocrx_word' id='word_1_8' title='bbox 1546 460 1629 527; x_wconf 87' lang='lat' dir='ltr'><strong>de</strong></span> <span class='ocrx_word' id='word_1_9' title='bbox 1673 458 2049 525; x_wconf 88' lang='lat' dir='ltr'><strong>hominibus</strong></span> <span class='ocrx_word' id='word_1_10' title='bbox 2092 456 2431 541; x_wconf 84' lang='lat' dir='ltr'><strong>nobilium,</strong></span> <span class='ocrx_word' id='word_1_11' title='bbox 2478 458 2589 543; x_wconf 84' lang='lat' dir='ltr'><strong>qui</strong></span> <span class='ocrx_word' id='word_1_12' title='bbox 2620 454 2789 523; x_wconf 84' lang='lat' dir='ltr'><strong>vadit</strong></span> <span class='ocrx_word' id='word_1_13' title='bbox 2807 459 2871 522; x_wconf 88' lang='lat' dir='ltr'><strong>in</strong></span> 
     </span>
     <span class='ocr_line' id='line_1_3' title="bbox 517 544 2875 639; baseline -0.003 -22"><span class='ocrx_word' id='word_1_14' title='bbox 517 552 743 639; x_wconf 73' lang='lat' dir='ltr'><strong>aliqua</strong></span> <span class='ocrx_word' id='word_1_15' title='bbox 783 551 892 617; x_wconf 86' lang='lat' dir='ltr'><strong>vel</strong></span> <span class='ocrx_word' id='word_1_16' title='bbox 935 553 1002 615; x_wconf 90' lang='lat' dir='ltr'><strong>in</strong></span> <span class='ocrx_word' id='word_1_17' title='bbox 1049 551 1315 637; x_wconf 74' lang='lat' dir='ltr'><strong>propria</strong></span> <span class='ocrx_word' id='word_1_18' title='bbox 1337 548 1685 634; x_wconf 76' lang='lat' dir='ltr'>legatione,</span> <span class='ocrx_word' id='word_1_19' title='bbox 1714 548 1853 613; x_wconf 87' lang='lat' dir='ltr'><strong>sive</strong></span> <span class='ocrx_word' id='word_1_20' title='bbox 1876 544 1960 612; x_wconf 87' lang='lat' dir='ltr'><strong>ad</strong></span> <span class='ocrx_word' id='word_1_21' title='bbox 1984 545 2219 627; x_wconf 83' lang='lat' dir='ltr'><strong>forum,</strong></span> <span class='ocrx_word' id='word_1_22' title='bbox 2245 566 2579 631; x_wconf 87' lang='lat' dir='ltr'><strong>nunquam</strong></span> <span class='ocrx_word' id='word_1_23' title='bbox 2603 544 2670 607; x_wconf 90' lang='lat' dir='ltr'><strong>in</strong></span> <span class='ocrx_word' id='word_1_24' title='bbox 2702 564 2875 627; x_wconf 80' lang='lat' dir='ltr'><strong>nov-o,</strong></span> 
     </span>
     <span class='ocr_line' id='line_1_4' title="bbox 521 632 1707 703; baseline -0.005 0"><span class='ocrx_word' id='word_1_25' title='bbox 521 640 652 703; x_wconf 81' lang='lat' dir='ltr'><strong>nisi</strong></span> <span class='ocrx_word' id='word_1_26' title='bbox 695 640 766 703; x_wconf 88' lang='lat' dir='ltr'><strong>in</strong></span> <span class='ocrx_word' id='word_1_27' title='bbox 809 640 946 703; x_wconf 79' lang='lat' dir='ltr'><strong>anti</strong></span> <span class='ocrx_word' id='word_1_28' title='bbox 995 659 1081 703; x_wconf 89' lang='lat' dir='ltr'><strong>uo</strong></span> <span class='ocrx_word' id='word_1_29' title='bbox 1125 636 1431 701; x_wconf 87' lang='lat' dir='ltr'><strong>theloneo</strong></span> <span class='ocrx_word' id='word_1_30' title='bbox 1477 632 1707 699; x_wconf 82' lang='lat' dir='ltr'><strong>solvat.</strong></span> 
     </span>
    </p>

    <p class='ocr_par' dir='ltr' id='par_1_3' title="bbox 515 661 2879 897">
     <span class='ocr_line' id='line_1_5' title="bbox 690 661 2879 807; baseline -0.004 -18"><span class='ocrx_word' id='word_1_31' title='bbox 690 728 750 806; x_wconf 65' lang='grc' dir='ltr'><strong>ἓ.</strong></span> <span class='ocrx_word' id='word_1_32' title='bbox 795 724 900 789; x_wconf 83' lang='grc'><strong>35.</strong></span> <span class='ocrx_word' id='word_1_33' title='bbox 943 661 1108 790; x_wconf 54' lang='grc' dir='ltr'><strong>ἢθη]</strong></span> <span class='ocrx_word' id='word_1_34' title='bbox 1155 723 1240 789; x_wconf 87' lang='lat' dir='ltr'><strong>ad</strong></span> <span class='ocrx_word' id='word_1_35' title='bbox 1276 721 1605 807; x_wconf 87' lang='lat' dir='ltr'><strong>judicium</strong></span> <span class='ocrx_word' id='word_1_36' title='bbox 1648 718 1872 785; x_wconf 86' lang='lat' dir='ltr'><strong>nullus</strong></span> <span class='ocrx_word' id='word_1_37' title='bbox 1917 717 2219 795; x_wconf 78' lang='lat' dir='ltr'><strong>accedat,</strong></span> <span class='ocrx_word' id='word_1_38' title='bbox 2280 718 2407 783; x_wconf 89' lang='lat' dir='ltr'><strong>nisi</strong></span> <span class='ocrx_word' id='word_1_39' title='bbox 2454 716 2535 783; x_wconf 89' lang='lat' dir='ltr'><strong>de</strong></span> <span class='ocrx_word' id='word_1_40' title='bbox 2580 715 2751 792; x_wconf 74' lang='lat' dir='ltr'><strong>dom</strong></span> <span class='ocrx_word' id='word_1_41' title='bbox 2790 736 2879 781; x_wconf 82' lang='lat' dir='ltr'><strong>se-</strong></span> 
     </span>
     <span class='ocr_line' id='line_1_6' title="bbox 515 810 1817 897; baseline -0.005 -21"><span class='ocrx_word' id='word_1_42' title='bbox 515 810 806 877; x_wconf 83' lang='lat' dir='ltr'><strong>cundum</strong></span> <span class='ocrx_word' id='word_1_43' title='bbox 849 812 956 892; x_wconf 78' lang='lat' dir='ltr'><strong>ius</strong></span> <span class='ocrx_word' id='word_1_44' title='bbox 997 812 1209 897; x_wconf 85' lang='lat' dir='ltr'><strong>primo</strong></span> <span class='ocrx_word' id='word_1_45' title='bbox 1255 810 1510 875; x_wconf 82' lang='lat' dir='ltr'><strong>citetur.</strong></span> <span class='ocrx_word' id='word_1_46' title='bbox 1812 842 1817 847; x_wconf 86' lang='lat'><strong>·</strong></span> 
     </span>
    </p>

    <p class='ocr_par' dir='ltr' id='par_1_4' title="bbox 516 888 2888 1152">
     <span class='ocr_line' id='line_1_7' title="bbox 689 888 2887 982; baseline -0.005 -18"><span class='ocrx_word' id='word_1_47' title='bbox 689 900 750 978; x_wconf 66' lang='grc' dir='ltr'><strong>ἓ.</strong></span> <span class='ocrx_word' id='word_1_48' title='bbox 795 896 900 963; x_wconf 88' lang='grc'><strong>36.</strong></span> <span class='ocrx_word' id='word_1_49' title='bbox 945 896 1226 982; x_wconf 78' lang='lat' dir='ltr'>Insuper</span> <span class='ocrx_word' id='word_1_50' title='bbox 1271 894 1326 959; x_wconf 90' lang='lat' dir='ltr'><strong>si</strong></span> <span class='ocrx_word' id='word_1_51' title='bbox 1371 891 1637 957; x_wconf 79' lang='lat' dir='ltr'><strong>villicus</strong></span> <span class='ocrx_word' id='word_1_52' title='bbox 1682 892 1859 977; x_wconf 82' lang='lat' dir='ltr'><strong>regis</strong></span> <span class='ocrx_word' id='word_1_53' title='bbox 1904 892 2044 955; x_wconf 89' lang='lat' dir='ltr'><strong>sine</strong></span> <span class='ocrx_word' id='word_1_54' title='bbox 2079 891 2333 976; x_wconf 88' lang='lat' dir='ltr'><strong>judicio</strong></span> <span class='ocrx_word' id='word_1_55' title='bbox 2356 889 2643 975; x_wconf 79' lang='lat' dir='ltr'><strong>aliquem</strong></span> <span class='ocrx_word' id='word_1_56' title='bbox 2668 888 2887 975; x_wconf 87' lang='lat' dir='ltr'><strong>impig-</strong></span> 
     </span>
     <span class='ocr_line' id='line_1_8' title="bbox 516 976 2888 1067; baseline -0.003 -20"><span class='ocrx_word' id='word_1_57' title='bbox 516 985 871 1065; x_wconf 85' lang='lat' dir='ltr'><strong>noraverit,</strong></span> <span class='ocrx_word' id='word_1_58' title='bbox 919 1004 1042 1047; x_wconf 87' lang='lat' dir='ltr'><strong>rex</strong></span> <span class='ocrx_word' id='word_1_59' title='bbox 1087 1003 1206 1047; x_wconf 90' lang='lat' dir='ltr'><strong>suo</strong></span> <span class='ocrx_word' id='word_1_60' title='bbox 1243 982 1394 1067; x_wconf 89' lang='lat' dir='ltr'><strong>jure</strong></span> <span class='ocrx_word' id='word_1_61' title='bbox 1439 980 1765 1065; x_wconf 78' lang='lat' dir='ltr'><strong>corrigat3</strong></span> <span class='ocrx_word' id='word_1_62' title='bbox 1810 981 1867 1044; x_wconf 89' lang='lat' dir='ltr'><strong>si</strong></span> <span class='ocrx_word' id='word_1_63' title='bbox 1910 976 2175 1043; x_wconf 78' lang='lat' dir='ltr'><strong>villicus</strong></span> <span class='ocrx_word' id='word_1_64' title='bbox 2219 978 2581 1057; x_wconf 83' lang='lat' dir='ltr'><strong>camerarii,</strong></span> <span class='ocrx_word' id='word_1_65' title='bbox 2611 997 2888 1040; x_wconf 83' lang='lat' dir='ltr'><strong>marcam</strong></span> 
     </span>
     <span class='ocr_line' id='line_1_9' title="bbox 518 1064 2067 1152; baseline -0.003 -19"><span class='ocrx_word' id='word_1_66' title='bbox 518 1071 662 1135; x_wconf 86' lang='lat' dir='ltr'><strong>auri</strong></span> <span class='ocrx_word' id='word_1_67' title='bbox 707 1069 942 1152; x_wconf 85' lang='lat' dir='ltr'><strong>solvat,</strong></span> <span class='ocrx_word' id='word_1_68' title='bbox 987 1070 1044 1133; x_wconf 91' lang='lat' dir='ltr'><strong>si</strong></span> <span class='ocrx_word' id='word_1_69' title='bbox 1088 1068 1414 1147; x_wconf 86' lang='lat' dir='ltr'><strong>dominus,</strong></span> <span class='ocrx_word' id='word_1_70' title='bbox 1459 1064 1781 1133; x_wconf 89' lang='lat' dir='ltr'><strong>beneficio</strong></span> <span class='ocrx_word' id='word_1_71' title='bbox 1828 1072 2067 1132; x_wconf 85' lang='lat' dir='ltr'><strong>careat.</strong></span> 
     </span>
    </p>

    <p class='ocr_par' dir='ltr' id='par_1_5' title="bbox 519 1148 2894 1309">
     <span class='ocr_line' id='line_1_10' title="bbox 691 1148 2894 1239; baseline -0.005 -18"><span class='ocrx_word' id='word_1_72' title='bbox 691 1161 756 1239; x_wconf 68' lang='grc' dir='ltr'><strong>ξ.</strong></span> <span class='ocrx_word' id='word_1_73' title='bbox 802 1157 908 1221; x_wconf 83' lang='grc'><strong>37.</strong></span> <span class='ocrx_word' id='word_1_74' title='bbox 955 1154 1299 1220; x_wconf 86' lang='lat' dir='ltr'><strong>Praeterea</strong></span> <span class='ocrx_word' id='word_1_75' title='bbox 1344 1151 1639 1217; x_wconf 87' lang='lat' dir='ltr'><strong>duellum</strong></span> <span class='ocrx_word' id='word_1_76' title='bbox 1684 1149 1863 1238; x_wconf 86' lang='lat' dir='ltr'><strong>quod</strong></span> <span class='ocrx_word' id='word_1_77' title='bbox 1904 1152 1975 1215; x_wconf 89' lang='lat' dir='ltr'><strong>in</strong></span> <span class='ocrx_word' id='word_1_78' title='bbox 2019 1148 2282 1233; x_wconf 82' lang='lat' dir='ltr'><strong>vulgari</strong></span> <span class='ocrx_word' id='word_1_79' title='bbox 2304 1148 2543 1214; x_wconf 88' lang='lat' dir='ltr'><strong>dicitur</strong></span> <span class='ocrx_word' id='word_1_80' title='bbox 2566 1148 2732 1234; x_wconf 81' lang='lat' dir='ltr'><strong>kiy,</strong></span> <span class='ocrx_word' id='word_1_81' title='bbox 2762 1168 2894 1211; x_wconf 89' lang='lat' dir='ltr'><strong>non</strong></span> 
     </span>
     <span class='ocr_line' id='line_1_11' title="bbox 519 1236 2765 1309; baseline -0.007 -3"><span class='ocrx_word' id='word_1_82' title='bbox 519 1242 811 1309; x_wconf 86' lang='lat' dir='ltr'><strong>habeant</strong></span> <span class='ocrx_word' id='word_1_83' title='bbox 852 1242 980 1306; x_wconf 86' lang='lat' dir='ltr'><strong>nisi</strong></span> <span class='ocrx_word' id='word_1_84' title='bbox 1026 1239 1109 1305; x_wconf 85' lang='lat' dir='ltr'><strong>ad</strong></span> <span class='ocrx_word' id='word_1_85' title='bbox 1157 1248 1522 1305; x_wconf 55' lang='lat' dir='ltr'><strong>extraneo&amp;</strong></span> <span class='ocrx_word' id='word_1_86' title='bbox 2757 1236 2765 1241; x_wconf 84' lang='lat'>&#39;</span> 
     </span>
    </p>

    <p class='ocr_par' dir='ltr' id='par_1_6' title="bbox 491 1319 2902 1585">
     <span class='ocr_line' id='line_1_12' title="bbox 693 1319 2899 1411; baseline -0.005 -17"><span class='ocrx_word' id='word_1_87' title='bbox 693 1334 754 1411; x_wconf 67' lang='grc' dir='ltr'><strong>ξ.</strong></span> <span class='ocrx_word' id='word_1_88' title='bbox 800 1329 904 1393; x_wconf 87' lang='grc'><strong>38.</strong></span> <span class='ocrx_word' id='word_1_89' title='bbox 947 1328 1030 1391; x_wconf 87' lang='lat' dir='ltr'><strong>In</strong></span> <span class='ocrx_word' id='word_1_90' title='bbox 1075 1327 1202 1391; x_wconf 86' lang='lat' dir='ltr'><strong>hiis</strong></span> <span class='ocrx_word' id='word_1_91' title='bbox 1229 1324 1535 1391; x_wconf 87' lang='lat' dir='ltr'><strong>omnibus</strong></span> <span class='ocrx_word' id='word_1_92' title='bbox 1557 1324 1925 1409; x_wconf 75' lang='lat' dir='ltr'><strong>excipimus</strong></span> <span class='ocrx_word' id='word_1_93' title='bbox 1948 1319 2295 1409; x_wconf 82' lang='lat' dir='ltr'><strong>privilegia</strong></span> <span class='ocrx_word' id='word_1_94' title='bbox 2328 1320 2771 1405; x_wconf 84' lang='lat' dir='ltr'><strong>religiosorum</strong></span> <span class='ocrx_word' id='word_1_95' title='bbox 2802 1320 2899 1383; x_wconf 85' lang='lat' dir='ltr'><strong>vi-</strong></span> 
     </span>
     <span class='ocr_line' id='line_1_13' title="bbox 519 1403 2899 1501; baseline -0.005 -21"><span class='ocrx_word' id='word_1_96' title='bbox 519 1436 742 1481; x_wconf 83' lang='lat' dir='ltr'><strong>rorum</strong></span> <span class='ocrx_word' id='word_1_97' title='bbox 788 1436 830 1479; x_wconf 90' lang='lat' dir='ltr'><strong>a</strong></span> <span class='ocrx_word' id='word_1_98' title='bbox 871 1414 1274 1501; x_wconf 86' lang='lat' dir='ltr'><strong>principibus</strong></span> <span class='ocrx_word' id='word_1_99' title='bbox 1317 1413 1412 1477; x_wconf 89' lang='lat' dir='ltr'><strong>eis</strong></span> <span class='ocrx_word' id='word_1_100' title='bbox 1459 1432 1773 1475; x_wconf 90' lang='lat' dir='ltr'><strong>concessa</strong></span> <span class='ocrx_word' id='word_1_101' title='bbox 1795 1456 1814 1492; x_wconf 90' lang='lat'><strong>,</strong></span> <span class='ocrx_word' id='word_1_102' title='bbox 1860 1418 1925 1473; x_wconf 92' lang='lat' dir='ltr'><strong>et</strong></span> <span class='ocrx_word' id='word_1_103' title='bbox 1958 1411 2113 1493; x_wconf 85' lang='lat' dir='ltr'><strong>jura</strong></span> <span class='ocrx_word' id='word_1_104' title='bbox 2158 1408 2543 1473; x_wconf 88' lang='lat' dir='ltr'><strong>clericorum</strong></span> <span class='ocrx_word' id='word_1_105' title='bbox 2592 1428 2736 1471; x_wconf 88' lang='lat' dir='ltr'><strong>cum</strong></span> <span class='ocrx_word' id='word_1_106' title='bbox 2782 1403 2899 1469; x_wconf 88' lang='lat' dir='ltr'><strong>do-</strong></span> 
     </span>
     <span class='ocr_line' id='line_1_14' title="bbox 491 1493 2902 1585; baseline -0.004 -18"><span class='ocrx_word' id='word_1_107' title='bbox 491 1501 698 1568; x_wconf 76' lang='lat' dir='ltr'><strong>tibus</strong></span> <span class='ocrx_word' id='word_1_108' title='bbox 742 1500 1191 1582; x_wconf 87' lang='lat' dir='ltr'><strong>ecclesiarum,</strong></span> <span class='ocrx_word' id='word_1_109' title='bbox 1238 1498 1476 1585; x_wconf 87' lang='lat' dir='ltr'><strong>quibus</strong></span> <span class='ocrx_word' id='word_1_110' title='bbox 1537 1506 1853 1582; x_wconf 87' lang='lat' dir='ltr'><strong>reguntur</strong></span> <span class='ocrx_word' id='word_1_111' title='bbox 1914 1493 2273 1560; x_wconf 87' lang='lat' dir='ltr'><strong>secundum</strong></span> <span class='ocrx_word' id='word_1_112' title='bbox 2328 1494 2437 1579; x_wconf 89' lang='lat' dir='ltr'><strong>jus</strong></span> <span class='ocrx_word' id='word_1_113' title='bbox 2498 1494 2902 1558; x_wconf 87' lang='lat' dir='ltr'><strong>canonicum.</strong></span> 
     </span>
    </p>

    <p class='ocr_par' dir='ltr' id='par_1_7' title="bbox 527 1578 2905 1843">
     <span class='ocr_line' id='line_1_15' title="bbox 699 1578 2901 1672; baseline -0.006 -19"><span class='ocrx_word' id='word_1_114' title='bbox 699 1588 804 1653; x_wconf 84' lang='lat' dir='ltr'><strong>Ne</strong></span> <span class='ocrx_word' id='word_1_115' title='bbox 848 1595 1069 1652; x_wconf 86' lang='lat' dir='ltr'><strong>autem</strong></span> <span class='ocrx_word' id='word_1_116' title='bbox 1116 1585 1201 1651; x_wconf 90' lang='lat' dir='ltr'><strong>ad</strong></span> <span class='ocrx_word' id='word_1_117' title='bbox 1249 1606 1558 1672; x_wconf 83' lang='lat' dir='ltr'><strong>praesens</strong></span> <span class='ocrx_word' id='word_1_118' title='bbox 1604 1582 1713 1648; x_wconf 88' lang='lat' dir='ltr'><strong>vel</strong></span> <span class='ocrx_word' id='word_1_119' title='bbox 1758 1584 1825 1647; x_wconf 91' lang='lat' dir='ltr'><strong>in</strong></span> <span class='ocrx_word' id='word_1_120' title='bbox 1872 1589 2205 1668; x_wconf 88' lang='lat' dir='ltr'><strong>posterum</strong></span> <span class='ocrx_word' id='word_1_121' title='bbox 2252 1602 2431 1645; x_wconf 85' lang='lat' dir='ltr'><strong>error</strong></span> <span class='ocrx_word' id='word_1_122' title='bbox 2462 1589 2588 1655; x_wconf 54' lang='lat' dir='ltr'><strong>,aut</strong></span> <span class='ocrx_word' id='word_1_123' title='bbox 2615 1578 2901 1664; x_wconf 89' lang='lat' dir='ltr'><strong>calump-</strong></span> 
     </span>
     <span class='ocr_line' id='line_1_16' title="bbox 527 1664 2904 1757; baseline -0.005 -18"><span class='ocrx_word' id='word_1_124' title='bbox 527 1675 642 1739; x_wconf 89' lang='lat' dir='ltr'><strong>nia</strong></span> <span class='ocrx_word' id='word_1_125' title='bbox 685 1676 827 1739; x_wconf 83' lang='lat' dir='ltr'><strong>sive</strong></span> <span class='ocrx_word' id='word_1_126' title='bbox 871 1680 1288 1757; x_wconf 88' lang='lat' dir='ltr'><strong>contemptus</strong></span> <span class='ocrx_word' id='word_1_127' title='bbox 1348 1668 1623 1735; x_wconf 80' lang='lat' dir='ltr'><strong>ebulliat</strong></span> <span class='ocrx_word' id='word_1_128' title='bbox 1682 1668 1750 1732; x_wconf 91' lang='lat' dir='ltr'><strong>in</strong></span> <span class='ocrx_word' id='word_1_129' title='bbox 1798 1668 2154 1755; x_wconf 85' lang='lat' dir='ltr'><strong>praedictis</strong></span> <span class='ocrx_word' id='word_1_130' title='bbox 2201 1675 2268 1731; x_wconf 91' lang='lat' dir='ltr'><strong>et</strong></span> <span class='ocrx_word' id='word_1_131' title='bbox 2308 1676 2383 1732; x_wconf 91' lang='lat' dir='ltr'><strong>ut</strong></span> <span class='ocrx_word' id='word_1_132' title='bbox 2426 1688 2533 1731; x_wconf 89' lang='lat' dir='ltr'><strong>res</strong></span> <span class='ocrx_word' id='word_1_133' title='bbox 2580 1665 2753 1730; x_wconf 87' lang='lat' dir='ltr'><strong>dicta</strong></span> <span class='ocrx_word' id='word_1_134' title='bbox 2791 1664 2904 1729; x_wconf 89' lang='lat' dir='ltr'><strong>fir-</strong></span> 
     </span>
     <span class='ocr_line' id='line_1_17' title="bbox 529 1752 2905 1843; baseline -0.004 -19"><span class='ocrx_word' id='word_1_135' title='bbox 529 1760 825 1825; x_wconf 81' lang='lat' dir='ltr'><strong>mitatem</strong></span> <span class='ocrx_word' id='word_1_136' title='bbox 897 1756 1196 1823; x_wconf 88' lang='lat' dir='ltr'><strong>obtineat</strong></span> <span class='ocrx_word' id='word_1_137' title='bbox 1260 1760 1329 1821; x_wconf 91' lang='lat' dir='ltr'><strong>in</strong></span> <span class='ocrx_word' id='word_1_138' title='bbox 1401 1766 1813 1843; x_wconf 88' lang='lat' dir='ltr'><strong>perpetuum,</strong></span> <span class='ocrx_word' id='word_1_139' title='bbox 1882 1756 2060 1819; x_wconf 90' lang='lat' dir='ltr'><strong>omni</strong></span> <span class='ocrx_word' id='word_1_140' title='bbox 2091 1801 2093 1803; x_wconf 27' lang='grc' dir='ltr'>ψ</span> <span class='ocrx_word' id='word_1_141' title='bbox 2121 1752 2520 1819; x_wconf 82' lang='lat' dir='ltr'><strong>novercandi</strong></span> <span class='ocrx_word' id='word_1_142' title='bbox 2566 1752 2905 1818; x_wconf 75' lang='lat' dir='ltr'><strong>occasione</strong></span> 
     </span>
    </p>

    <p class='ocr_par' dir='ltr' id='par_1_8' title="bbox 527 1836 2903 1999">
     <span class='ocr_line' id='line_1_18' title="bbox 575 1836 2903 1932; baseline -0.005 -21"><span class='ocrx_word' id='word_1_143' title='bbox 575 1844 846 1932; x_wconf 87' lang='lat' dir='ltr'><strong>ropulsa</strong></span> <span class='ocrx_word' id='word_1_144' title='bbox 889 1852 1302 1929; x_wconf 82' lang='lat' dir='ltr'><strong>praesentem</strong></span> <span class='ocrx_word' id='word_1_145' title='bbox 1393 1844 1659 1927; x_wconf 78' lang='lat' dir='ltr'><strong>aginam</strong></span> <span class='ocrx_word' id='word_1_146' title='bbox 1706 1842 1912 1907; x_wconf 78' lang='lat' dir='ltr'><strong>nostri</strong></span> <span class='ocrx_word' id='word_1_147' title='bbox 1970 1839 2169 1926; x_wconf 79' lang='lat' dir='ltr'><strong>sigilli</strong></span> <span class='ocrx_word' id='word_1_148' title='bbox 2230 1841 2591 1905; x_wconf 83' lang='lat' dir='ltr'><strong>munimine</strong></span> <span class='ocrx_word' id='word_1_149' title='bbox 2636 1836 2903 1906; x_wconf 83' lang='lat' dir='ltr'><strong>inviola-</strong></span> 
     </span>
     <span class='ocr_line' id='line_1_19' title="bbox 527 1869 2496 1999; baseline -0.007 -1"><span class='ocrx_word' id='word_1_150' title='bbox 527 1869 754 1998; x_wconf 56' lang='lat' dir='ltr'><strong>ssiliter</strong></span> <span class='ocrx_word' id='word_1_151' title='bbox 792 1929 1107 1999; x_wconf 83' lang='lat' dir='ltr'><strong>duximus</strong></span> <span class='ocrx_word' id='word_1_152' title='bbox 1152 1950 1339 1995; x_wconf 88' lang='lat' dir='ltr'><strong>corro</strong></span> <span class='ocrx_word' id='word_1_153' title='bbox 1389 1928 1724 1994; x_wconf 85' lang='lat' dir='ltr'><strong>orandam.</strong></span> <span class='ocrx_word' id='word_1_154' title='bbox 2489 1964 2496 1971; x_wconf 90' lang='lat'><strong>·</strong></span> 
     </span>
    </p>

    <p class='ocr_par' dir='ltr' id='par_1_9' title="bbox 530 2010 2901 2192">
     <span class='ocr_line' id='line_1_20' title="bbox 703 2010 2901 2101; baseline -0.005 -19"><span class='ocrx_word' id='word_1_155' title='bbox 703 2017 876 2083; x_wconf 89' lang='lat' dir='ltr'><strong>Acta</strong></span> <span class='ocrx_word' id='word_1_156' title='bbox 934 2026 1090 2081; x_wconf 87' lang='lat' dir='ltr'><strong>sunt</strong></span> <span class='ocrx_word' id='word_1_157' title='bbox 1153 2015 1316 2081; x_wconf 90' lang='lat' dir='ltr'><strong>haec</strong></span> <span class='ocrx_word' id='word_1_158' title='bbox 1375 2037 1549 2101; x_wconf 76' lang='lat' dir='ltr'><strong>anno</strong></span> <span class='ocrx_word' id='word_1_159' title='bbox 1594 2013 1849 2099; x_wconf 87' lang='lat' dir='ltr'><strong>gratiae</strong></span> <span class='ocrx_word' id='word_1_160' title='bbox 1896 2010 2449 2079; x_wconf 85' lang='lat' dir='ltr'>MCCXXXVII.</span> <span class='ocrx_word' id='word_1_161' title='bbox 2495 2012 2563 2077; x_wconf 87' lang='lat' dir='ltr'><strong>in</strong></span> <span class='ocrx_word' id='word_1_162' title='bbox 2608 2010 2901 2089; x_wconf 80' lang='lat' dir='ltr'><strong>Bizinze,</strong></span> 
     </span>
     <span class='ocr_line' id='line_1_21' title="bbox 530 2102 2901 2192; baseline -0.005 -22"><span class='ocrx_word' id='word_1_163' title='bbox 530 2104 745 2192; x_wconf 79' lang='lat' dir='ltr'><strong>pridie</strong></span> <span class='ocrx_word' id='word_1_164' title='bbox 787 2103 948 2170; x_wconf 87' lang='lat' dir='ltr'><strong>Idus</strong></span> <span class='ocrx_word' id='word_1_165' title='bbox 991 2102 1174 2169; x_wconf 89' lang='lat' dir='ltr'><strong>Julii.</strong></span> <span class='ocrx_word' id='word_1_166' title='bbox 2892 2146 2901 2149; x_wconf 88' lang='lat'><strong>-</strong></span> 
     </span>
    </p>
   </div>
   <div class='ocr_carea' id='block_1_3' title="bbox 1563 2276 1857 2285">
    <p class='ocr_par' dir='ltr' id='par_1_10' title="bbox 1563 2276 1857 2285">
     <span class='ocr_line' id='line_1_22' title="bbox 1563 2276 1857 2285; baseline 0 0"><span class='ocrx_word' id='word_1_167' title='bbox 1563 2276 1857 2285; x_wconf 95' lang='lat' dir='ltr'><strong> </strong></span> 
     </span>
    </p>
   </div>
   <div class='ocr_carea' id='block_1_4' title="bbox 1673 2392 1775 2457">
    <p class='ocr_par' dir='ltr' id='par_1_11' title="bbox 1673 2392 1775 2457">
     <span class='ocr_line' id='line_1_23' title="bbox 1673 2392 1775 2457; baseline 0 -1"><span class='ocrx_word' id='word_1_168' title='bbox 1673 2392 1775 2457; x_wconf 83' lang='lat'><strong>37.</strong></span> 
     </span>
    </p>
   </div>
   <div class='ocr_carea' id='block_1_5' title="bbox 841 2527 2586 2735">
    <p class='ocr_par' dir='ltr' id='par_1_12' title="bbox 841 2527 2586 2735">
     <span class='ocr_line' id='line_1_24' title="bbox 841 2527 2586 2613; baseline -0.001 0"><span class='ocrx_word' id='word_1_169' title='bbox 841 2530 891 2613; x_wconf 90' lang='lat' dir='ltr'><strong>J</strong></span> <span class='ocrx_word' id='word_1_170' title='bbox 892 2552 1046 2613; x_wconf 83' lang='lat' dir='ltr'><strong>ura.</strong></span> <span class='ocrx_word' id='word_1_171' title='bbox 1096 2533 1180 2613; x_wconf 89' lang='lat' dir='ltr'><strong>et</strong></span> <span class='ocrx_word' id='word_1_172' title='bbox 1231 2528 1659 2613; x_wconf 78' lang='lat' dir='ltr'><strong>libertates</strong></span> <span class='ocrx_word' id='word_1_173' title='bbox 1716 2527 2082 2611; x_wconf 80' lang='lat' dir='ltr'><strong>civitatis</strong></span> <span class='ocrx_word' id='word_1_174' title='bbox 2136 2528 2586 2612; x_wconf 76' lang='lat' dir='ltr'><strong>BrunensiS.</strong></span> 
     </span>
     <span class='ocr_line' id='line_1_25' title="bbox 1425 2664 2029 2735; baseline -0.003 -15"><span class='ocrx_word' id='word_1_175' title='bbox 1425 2666 1610 2733; x_wconf 73' lang='lat' dir='ltr'><strong>(sun</strong></span> <span class='ocrx_word' id='word_1_176' title='bbox 1648 2664 2029 2735; x_wconf 67' lang='lat' dir='ltr'><strong>origin-n..)</strong></span> 
     </span>
    </p>
   </div>
   <div class='ocr_carea' id='block_1_6' title="bbox 1628 2784 1812 2849">
    <p class='ocr_par' dir='ltr' id='par_1_13' title="bbox 1628 2784 1812 2849">
     <span class='ocr_line' id='line_1_26' title="bbox 1628 2784 1812 2849; baseline -0.011 0"><span class='ocrx_word' id='word_1_177' title='bbox 1628 2784 1812 2849; x_wconf 82' lang='lat'>1243.</span> 
     </span>
    </p>
   </div>
   <div class='ocr_carea' id='block_1_7' title="bbox 533 2944 2917 4318">
    <p class='ocr_par' dir='ltr' id='par_1_14' title="bbox 533 2944 2917 3769">
     <span class='ocr_line' id='line_1_27' title="bbox 739 2944 2911 3007; baseline -0.002 -10"><span class='ocrx_word' id='word_1_178' title='bbox 739 2947 922 2997; x_wconf 86' lang='lat' dir='ltr'><strong>Bruna</strong></span> <span class='ocrx_word' id='word_1_179' title='bbox 955 2944 1146 2995; x_wconf 78' lang='lat' dir='ltr'><strong>civitas</strong></span> <span class='ocrx_word' id='word_1_180' title='bbox 1183 2960 1212 2994; x_wconf 90' lang='lat' dir='ltr'><strong>e</strong></span> <span class='ocrx_word' id='word_1_181' title='bbox 1247 2958 1467 2993; x_wconf 86' lang='lat' dir='ltr'><strong>numero</strong></span> <span class='ocrx_word' id='word_1_182' title='bbox 1504 2956 1687 2991; x_wconf 81' lang='lat' dir='ltr'><strong>earum</strong></span> <span class='ocrx_word' id='word_1_183' title='bbox 1723 2948 1803 2992; x_wconf 88' lang='lat' dir='ltr'><strong>est</strong></span> <span class='ocrx_word' id='word_1_184' title='bbox 1838 2957 1977 3007; x_wconf 89' lang='lat' dir='ltr'><strong>quae</strong></span> <span class='ocrx_word' id='word_1_185' title='bbox 2016 2944 2263 2993; x_wconf 86' lang='lat' dir='ltr'><strong>conditae</strong></span> <span class='ocrx_word' id='word_1_186' title='bbox 2298 2948 2423 2993; x_wconf 87' lang='lat' dir='ltr'><strong>sunt</strong></span> <span class='ocrx_word' id='word_1_187' title='bbox 2450 2945 2509 2993; x_wconf 89' lang='lat' dir='ltr'><strong>in</strong></span> <span class='ocrx_word' id='word_1_188' title='bbox 2528 2944 2803 2994; x_wconf 87' lang='lat' dir='ltr'><strong>suburbiis</strong></span> <span class='ocrx_word' id='word_1_189' title='bbox 2817 2957 2911 3001; x_wconf 70' lang='lat' dir='ltr'><strong>,ca-</strong></span> 
     </span>
     <span class='ocr_line' id='line_1_28' title="bbox 533 3012 2914 3077; baseline -0.003 -10"><span class='ocrx_word' id='word_1_190' title='bbox 533 3022 760 3067; x_wconf 72' lang='lat' dir='ltr'><strong>utrorum</strong></span> <span class='ocrx_word' id='word_1_191' title='bbox 796 3014 1134 3076; x_wconf 73' lang='lat' dir='ltr'><strong>slavicorum,</strong></span> <span class='ocrx_word' id='word_1_192' title='bbox 1187 3027 1413 3077; x_wconf 82' lang='lat' dir='ltr'><strong>quorum</strong></span> <span class='ocrx_word' id='word_1_193' title='bbox 1463 3026 1631 3061; x_wconf 86' lang='lat' dir='ltr'><strong>unum</strong></span> <span class='ocrx_word' id='word_1_194' title='bbox 1678 3012 1841 3061; x_wconf 87' lang='lat' dir='ltr'><strong>etiam</strong></span> <span class='ocrx_word' id='word_1_195' title='bbox 1878 3018 2111 3063; x_wconf 85' lang='lat' dir='ltr'><strong>castrum</strong></span> <span class='ocrx_word' id='word_1_196' title='bbox 2159 3014 2435 3063; x_wconf 84' lang='lat' dir='ltr'><strong>Brunense</strong></span> <span class='ocrx_word' id='word_1_197' title='bbox 2480 3012 2647 3063; x_wconf 82' lang='lat' dir='ltr'><strong>fuisse</strong></span> <span class='ocrx_word' id='word_1_198' title='bbox 2692 3016 2914 3063; x_wconf 82' lang='lat' dir='ltr'><strong>constat.</strong></span> 
     </span>
     <span class='ocr_line' id='line_1_29' title="bbox 539 3081 2913 3150; baseline -0.003 -14"><span class='ocrx_word' id='word_1_199' title='bbox 539 3085 742 3137; x_wconf 72' lang='lat' dir='ltr'><strong>civitas</strong></span> <span class='ocrx_word' id='word_1_200' title='bbox 755 3085 986 3150; x_wconf 80' lang='lat' dir='ltr'><strong>primum</strong></span> <span class='ocrx_word' id='word_1_201' title='bbox 998 3098 1048 3133; x_wconf 81' lang='lat' dir='ltr'><strong>a.</strong></span> <span class='ocrx_word' id='word_1_202' title='bbox 1063 3084 1196 3133; x_wconf 87' lang='grc'><strong>1210</strong></span> <span class='ocrx_word' id='word_1_203' title='bbox 1236 3082 1467 3149; x_wconf 79' lang='lat' dir='ltr'><strong>„burgus</strong></span> <span class='ocrx_word' id='word_1_204' title='bbox 1502 3081 1830 3131; x_wconf 80' lang='lat' dir='ltr'><strong>Brunensis“</strong></span> <span class='ocrx_word' id='word_1_205' title='bbox 1856 3082 2173 3147; x_wconf 81' lang='lat' dir='ltr'><strong>appellatur.</strong></span> <span class='ocrx_word' id='word_1_206' title='bbox 2190 3081 2389 3133; x_wconf 82' lang='lat' dir='ltr'><strong>Incolis</strong></span> <span class='ocrx_word' id='word_1_207' title='bbox 2416 3084 2693 3133; x_wconf 80' lang='lat' dir='ltr'><strong>tenebatur</strong></span> <span class='ocrx_word' id='word_1_208' title='bbox 2708 3097 2764 3133; x_wconf 79' lang='lat' dir='ltr'><strong>a.</strong></span> <span class='ocrx_word' id='word_1_209' title='bbox 2789 3082 2913 3133; x_wconf 83' lang='grc'><strong>1222</strong></span> 
     </span>
     <span class='ocr_line' id='line_1_30' title="bbox 541 3149 2915 3218; baseline -0.002 -14"><span class='ocrx_word' id='word_1_210' title='bbox 541 3153 716 3205; x_wconf 81' lang='lat' dir='ltr'><strong>Slavis</strong></span> <span class='ocrx_word' id='word_1_211' title='bbox 727 3152 1167 3213; x_wconf 76' lang='lat' dir='ltr'><strong>moraviensibus,</strong></span> <span class='ocrx_word' id='word_1_212' title='bbox 1204 3150 1566 3213; x_wconf 67' lang='lat' dir='ltr'><strong>Thoumnicis,</strong></span> <span class='ocrx_word' id='word_1_213' title='bbox 1600 3149 1751 3201; x_wconf 87' lang='lat' dir='ltr'><strong>Italis</strong></span> <span class='ocrx_word' id='word_1_214' title='bbox 1772 3151 2273 3218; x_wconf 78' lang='lat' dir='ltr'><strong>Franconibusqu03</strong></span> <span class='ocrx_word' id='word_1_215' title='bbox 2310 3150 2502 3215; x_wconf 84' lang='lat' dir='ltr'><strong>legitur</strong></span> <span class='ocrx_word' id='word_1_216' title='bbox 2537 3154 2595 3201; x_wconf 86' lang='lat' dir='ltr'><strong>in</strong></span> <span class='ocrx_word' id='word_1_217' title='bbox 2631 3150 2915 3215; x_wconf 79' lang='lat' dir='ltr'><strong>diplomate</strong></span> 
     </span>
     <span class='ocr_line' id='line_1_31' title="bbox 542 3216 2913 3285; baseline -0.001 -14"><span class='ocrx_word' id='word_1_218' title='bbox 542 3222 610 3271; x_wconf 78' lang='lat' dir='ltr'><strong>ab</strong></span> <span class='ocrx_word' id='word_1_219' title='bbox 647 3237 696 3272; x_wconf 81' lang='lat' dir='ltr'><strong>a.</strong></span> <span class='ocrx_word' id='word_1_220' title='bbox 737 3223 900 3273; x_wconf 80' lang='lat'>1222:</span> <span class='ocrx_word' id='word_1_221' title='bbox 937 3221 1179 3270; x_wconf 86' lang='lat' dir='ltr'><strong>Ecclesia</strong></span> <span class='ocrx_word' id='word_1_222' title='bbox 1214 3219 1268 3269; x_wconf 81' lang='lat' dir='ltr'><strong>S.</strong></span> <span class='ocrx_word' id='word_1_223' title='bbox 1305 3218 1497 3269; x_wconf 88' lang='lat' dir='ltr'><strong>Jacobi</strong></span> <span class='ocrx_word' id='word_1_224' title='bbox 1552 3232 1691 3282; x_wconf 86' lang='lat' dir='ltr'><strong>quae</strong></span> <span class='ocrx_word' id='word_1_225' title='bbox 1726 3224 1809 3269; x_wconf 87' lang='lat' dir='ltr'><strong>est</strong></span> <span class='ocrx_word' id='word_1_226' title='bbox 1842 3220 1947 3270; x_wconf 86' lang='lat' dir='ltr'><strong>sita</strong></span> <span class='ocrx_word' id='word_1_227' title='bbox 1980 3221 2037 3269; x_wconf 88' lang='lat' dir='ltr'><strong>in</strong></span> <span class='ocrx_word' id='word_1_228' title='bbox 2075 3220 2241 3285; x_wconf 85' lang='lat' dir='ltr'><strong>burgo</strong></span> <span class='ocrx_word' id='word_1_229' title='bbox 2276 3220 2541 3269; x_wconf 88' lang='lat' dir='ltr'><strong>Brunensi</strong></span> <span class='ocrx_word' id='word_1_230' title='bbox 2568 3258 2583 3283; x_wconf 93' lang='lat'>‚</span> <span class='ocrx_word' id='word_1_231' title='bbox 2632 3216 2793 3270; x_wconf 79' lang='lat' dir='ltr'><strong>debet</strong></span> <span class='ocrx_word' id='word_1_232' title='bbox 2826 3219 2913 3268; x_wconf 82' lang='lat' dir='ltr'><strong>ha-</strong></span> 
     </span>
     <span class='ocr_line' id='line_1_32' title="bbox 540 3288 2909 3354; baseline -0.002 -14"><span class='ocrx_word' id='word_1_233' title='bbox 540 3290 664 3340; x_wconf 74' lang='lat' dir='ltr'><strong>bere</strong></span> <span class='ocrx_word' id='word_1_234' title='bbox 695 3289 891 3340; x_wconf 84' lang='lat' dir='ltr'><strong>limites</strong></span> <span class='ocrx_word' id='word_1_235' title='bbox 927 3303 1058 3353; x_wconf 86' lang='lat' dir='ltr'><strong>quos</strong></span> <span class='ocrx_word' id='word_1_236' title='bbox 1093 3294 1329 3354; x_wconf 87' lang='lat' dir='ltr'><strong>tempore</strong></span> <span class='ocrx_word' id='word_1_237' title='bbox 1364 3288 1646 3338; x_wconf 82' lang='lat' dir='ltr'><strong>wladislai</strong></span> <span class='ocrx_word' id='word_1_238' title='bbox 1684 3316 1751 3325; x_wconf 96' lang='lat'>—</span> <span class='ocrx_word' id='word_1_239' title='bbox 1787 3288 2109 3340; x_wconf 85' lang='lat' dir='ltr'><strong>marchionis</strong></span> <span class='ocrx_word' id='word_1_240' title='bbox 2152 3290 2491 3339; x_wconf 79' lang='grc'><strong>1197-1222</strong></span> <span class='ocrx_word' id='word_1_241' title='bbox 2527 3315 2597 3327; x_wconf 91' lang='grc'>-</span> <span class='ocrx_word' id='word_1_242' title='bbox 2628 3302 2909 3339; x_wconf 85' lang='lat' dir='ltr'><strong>consueve-</strong></span> 
     </span>
     <span class='ocr_line' id='line_1_33' title="bbox 541 3356 2913 3422; baseline -0.003 -12"><span class='ocrx_word' id='word_1_243' title='bbox 541 3363 628 3410; x_wconf 68' lang='lat' dir='ltr'><strong>rat</strong></span> <span class='ocrx_word' id='word_1_244' title='bbox 659 3357 874 3421; x_wconf 84' lang='lat' dir='ltr'><strong>habere,</strong></span> <span class='ocrx_word' id='word_1_245' title='bbox 911 3358 1018 3407; x_wconf 85' lang='lat' dir='ltr'><strong>vid.</strong></span> <span class='ocrx_word' id='word_1_246' title='bbox 1054 3358 1198 3422; x_wconf 83' lang='lat' dir='ltr'><strong>quod</strong></span> <span class='ocrx_word' id='word_1_247' title='bbox 1233 3371 1418 3407; x_wconf 86' lang='lat' dir='ltr'><strong>omnes</strong></span> <span class='ocrx_word' id='word_1_248' title='bbox 1453 3356 1775 3407; x_wconf 87' lang='lat' dir='ltr'><strong>Theutonici</strong></span> <span class='ocrx_word' id='word_1_249' title='bbox 1810 3362 1865 3407; x_wconf 91' lang='lat' dir='ltr'><strong>et</strong></span> <span class='ocrx_word' id='word_1_250' title='bbox 1900 3358 2095 3410; x_wconf 79' lang='lat' dir='ltr'><strong>GaIHci</strong></span> <span class='ocrx_word' id='word_1_251' title='bbox 2130 3358 2389 3408; x_wconf 81' lang='lat' dir='ltr'><strong>ecclesiae</strong></span> <span class='ocrx_word' id='word_1_252' title='bbox 2422 3374 2541 3409; x_wconf 90' lang='lat' dir='ltr'><strong>cum</strong></span> <span class='ocrx_word' id='word_1_253' title='bbox 2565 3358 2913 3409; x_wconf 81' lang='lat' dir='ltr'><strong>decimatione</strong></span> 
     </span>
     <span class='ocr_line' id='line_1_34' title="bbox 542 3424 2917 3493; baseline -0.002 -14"><span class='ocrx_word' id='word_1_254' title='bbox 542 3431 598 3479; x_wconf 77' lang='lat' dir='ltr'><strong>et</strong></span> <span class='ocrx_word' id='word_1_255' title='bbox 631 3427 776 3477; x_wconf 90' lang='lat' dir='ltr'><strong>omni</strong></span> <span class='ocrx_word' id='word_1_256' title='bbox 805 3424 926 3491; x_wconf 83' lang='lat' dir='ltr'><strong>jure</strong></span> <span class='ocrx_word' id='word_1_257' title='bbox 961 3426 1326 3477; x_wconf 85' lang='lat' dir='ltr'><strong>ecclesiastico</strong></span> <span class='ocrx_word' id='word_1_258' title='bbox 1363 3425 1591 3477; x_wconf 85' lang='lat' dir='ltr'><strong>debeant</strong></span> <span class='ocrx_word' id='word_1_259' title='bbox 1626 3425 1931 3493; x_wconf 77' lang='lat' dir='ltr'><strong>subjacer03</strong></span> <span class='ocrx_word' id='word_1_260' title='bbox 1978 3429 2037 3477; x_wconf 89' lang='lat' dir='ltr'><strong>in</strong></span> <span class='ocrx_word' id='word_1_261' title='bbox 2084 3426 2295 3491; x_wconf 85' lang='lat' dir='ltr'><strong>alioque</strong></span> <span class='ocrx_word' id='word_1_262' title='bbox 2342 3428 2411 3477; x_wconf 82' lang='lat' dir='ltr'><strong>ab</strong></span> <span class='ocrx_word' id='word_1_263' title='bbox 2458 3442 2509 3477; x_wconf 78' lang='lat' dir='ltr'><strong>a.</strong></span> <span class='ocrx_word' id='word_1_264' title='bbox 2566 3428 2730 3479; x_wconf 78' lang='lat'>1231:</span> <span class='ocrx_word' id='word_1_265' title='bbox 2782 3426 2917 3489; x_wconf 75' lang='lat' dir='ltr'><strong>Quia</strong></span> 
     </span>
     <span class='ocr_line' id='line_1_35' title="bbox 542 3493 2915 3561; baseline -0.002 -14"><span class='ocrx_word' id='word_1_266' title='bbox 542 3496 687 3548; x_wconf 83' lang='lat' dir='ltr'><strong>cives</strong></span> <span class='ocrx_word' id='word_1_267' title='bbox 723 3495 866 3545; x_wconf 82' lang='lat' dir='ltr'><strong>circa</strong></span> <span class='ocrx_word' id='word_1_268' title='bbox 901 3493 1186 3546; x_wconf 80' lang='lat' dir='ltr'><strong>ecclesiam</strong></span> <span class='ocrx_word' id='word_1_269' title='bbox 1223 3494 1278 3545; x_wconf 87' lang='lat' dir='ltr'><strong>S.</strong></span> <span class='ocrx_word' id='word_1_270' title='bbox 1313 3494 1506 3544; x_wconf 84' lang='lat' dir='ltr'><strong>Jacobi</strong></span> <span class='ocrx_word' id='word_1_271' title='bbox 1541 3496 1773 3545; x_wconf 87' lang='lat' dir='ltr'><strong>maxime</strong></span> <span class='ocrx_word' id='word_1_272' title='bbox 1810 3500 1962 3545; x_wconf 87' lang='lat' dir='ltr'><strong>erant</strong></span> <span class='ocrx_word' id='word_1_273' title='bbox 1997 3496 2227 3547; x_wconf 83' lang='lat' dir='ltr'><strong>Romani</strong></span> <span class='ocrx_word' id='word_1_274' title='bbox 2254 3500 2306 3545; x_wconf 89' lang='lat' dir='ltr'><strong>et</strong></span> <span class='ocrx_word' id='word_1_275' title='bbox 2323 3495 2561 3561; x_wconf 83' lang='lat' dir='ltr'><strong>linguam</strong></span> <span class='ocrx_word' id='word_1_276' title='bbox 2579 3496 2915 3547; x_wconf 82' lang='lat' dir='ltr'><strong>Moravorum</strong></span> 
     </span>
     <span class='ocr_line' id='line_1_36' title="bbox 539 3562 2915 3630; baseline -0.002 -15"><span class='ocrx_word' id='word_1_277' title='bbox 539 3564 627 3615; x_wconf 80' lang='lat' dir='ltr'><strong>vel</strong></span> <span class='ocrx_word' id='word_1_278' title='bbox 659 3564 1107 3615; x_wconf 82' lang='lat' dir='ltr'><strong>Theutonicorum</strong></span> <span class='ocrx_word' id='word_1_279' title='bbox 1142 3578 1252 3613; x_wconf 91' lang='lat' dir='ltr'><strong>non</strong></span> <span class='ocrx_word' id='word_1_280' title='bbox 1301 3562 1704 3629; x_wconf 84' lang='lat' dir='ltr'><strong>intelligebant,</strong></span> <span class='ocrx_word' id='word_1_281' title='bbox 1754 3564 1876 3613; x_wconf 90' lang='lat' dir='ltr'><strong>ideo</strong></span> <span class='ocrx_word' id='word_1_282' title='bbox 1931 3564 2075 3615; x_wconf 83' lang='lat' dir='ltr'><strong>facta</strong></span> <span class='ocrx_word' id='word_1_283' title='bbox 2125 3566 2229 3615; x_wconf 82' lang='lat' dir='ltr'><strong>fuit</strong></span> <span class='ocrx_word' id='word_1_284' title='bbox 2272 3564 2478 3630; x_wconf 85' lang='lat' dir='ltr'><strong>capella</strong></span> <span class='ocrx_word' id='word_1_285' title='bbox 2531 3566 2585 3616; x_wconf 86' lang='lat' dir='ltr'><strong>S.</strong></span> <span class='ocrx_word' id='word_1_286' title='bbox 2622 3565 2833 3616; x_wconf 85' lang='lat' dir='ltr'><strong>Nicolai</strong></span> <span class='ocrx_word' id='word_1_287' title='bbox 2866 3566 2915 3612; x_wconf 90' lang='lat' dir='ltr'><strong>et</strong></span> 
     </span>
     <span class='ocr_line' id='line_1_37' title="bbox 539 3631 2911 3698; baseline -0.002 -13"><span class='ocrx_word' id='word_1_288' title='bbox 539 3638 864 3687; x_wconf 73' lang='lat' dir='ltr'><strong>consecrata.</strong></span> <span class='ocrx_word' id='word_1_289' title='bbox 901 3660 968 3669; x_wconf 97' lang='lat'>—</span> <span class='ocrx_word' id='word_1_290' title='bbox 1001 3631 1067 3683; x_wconf 76' lang='lat' dir='ltr'><strong>A.</strong></span> <span class='ocrx_word' id='word_1_291' title='bbox 1106 3634 1239 3683; x_wconf 83' lang='grc'><strong>1229</strong></span> <span class='ocrx_word' id='word_1_292' title='bbox 1275 3633 1504 3698; x_wconf 87' lang='lat' dir='ltr'><strong>primum</strong></span> <span class='ocrx_word' id='word_1_293' title='bbox 1527 3638 1982 3685; x_wconf 75' lang='lat' dir='ltr'><strong>‚commemoratur</strong></span> <span class='ocrx_word' id='word_1_294' title='bbox 2009 3633 2175 3697; x_wconf 82' lang='lat' dir='ltr'><strong>judex</strong></span> <span class='ocrx_word' id='word_1_295' title='bbox 2211 3634 2518 3696; x_wconf 82' lang='lat' dir='ltr'><strong>Brunensis,</strong></span> <span class='ocrx_word' id='word_1_296' title='bbox 2544 3648 2596 3685; x_wconf 73' lang='lat' dir='ltr'><strong>a.</strong></span> <span class='ocrx_word' id='word_1_297' title='bbox 2638 3636 2774 3685; x_wconf 83' lang='lat'>1238</span> <span class='ocrx_word' id='word_1_298' title='bbox 2813 3632 2911 3695; x_wconf 84' lang='lat' dir='ltr'><strong>„ci-</strong></span> 
     </span>
     <span class='ocr_line' id='line_1_38' title="bbox 539 3700 2640 3769; baseline 0.001 -16"><span class='ocrx_word' id='word_1_299' title='bbox 539 3705 716 3755; x_wconf 81' lang='lat' dir='ltr'><strong>vium“</strong></span> <span class='ocrx_word' id='word_1_300' title='bbox 755 3716 965 3769; x_wconf 82' lang='lat' dir='ltr'><strong>quoque</strong></span> <span class='ocrx_word' id='word_1_301' title='bbox 999 3702 1198 3751; x_wconf 87' lang='lat' dir='ltr'><strong>mentio</strong></span> <span class='ocrx_word' id='word_1_302' title='bbox 1233 3700 1293 3751; x_wconf 84' lang='lat' dir='ltr'><strong>fit</strong></span> <span class='ocrx_word' id='word_1_303' title='bbox 1329 3700 1535 3766; x_wconf 88' lang='lat' dir='ltr'><strong>(omnes</strong></span> <span class='ocrx_word' id='word_1_304' title='bbox 1571 3703 1714 3751; x_wconf 86' lang='lat' dir='ltr'><strong>cives</strong></span> <span class='ocrx_word' id='word_1_305' title='bbox 1749 3702 2071 3766; x_wconf 83' lang='lat' dir='ltr'><strong>Brunenses,</strong></span> <span class='ocrx_word' id='word_1_306' title='bbox 2110 3704 2252 3753; x_wconf 86' lang='lat' dir='ltr'><strong>cives</strong></span> <span class='ocrx_word' id='word_1_307' title='bbox 2288 3701 2354 3752; x_wconf 87' lang='lat' dir='ltr'><strong>de</strong></span> <span class='ocrx_word' id='word_1_308' title='bbox 2388 3702 2640 3769; x_wconf 80' lang='lat' dir='ltr'><strong>Brenna.)</strong></span> 
     </span>
    </p>

    <p class='ocr_par' dir='ltr' id='par_1_15' title="bbox 541 3769 2911 4113">
     <span class='ocr_line' id='line_1_39' title="bbox 747 3769 2911 3836; baseline -0.001 -14"><span class='ocrx_word' id='word_1_309' title='bbox 747 3772 809 3822; x_wconf 77' lang='lat' dir='ltr'><strong>A.</strong></span> <span class='ocrx_word' id='word_1_310' title='bbox 851 3772 986 3823; x_wconf 82' lang='lat'><strong>1243</strong></span> <span class='ocrx_word' id='word_1_311' title='bbox 1021 3786 1112 3821; x_wconf 86' lang='lat' dir='ltr'><strong>rex</strong></span> <span class='ocrx_word' id='word_1_312' title='bbox 1147 3769 1498 3821; x_wconf 81' lang='lat' dir='ltr'><strong>wenceslaus</strong></span> <span class='ocrx_word' id='word_1_313' title='bbox 1533 3770 1578 3820; x_wconf 92' lang='grc' dir='ltr'><strong>Ι.</strong></span> <span class='ocrx_word' id='word_1_314' title='bbox 1616 3770 1820 3822; x_wconf 86' lang='lat' dir='ltr'><strong>civibus</strong></span> <span class='ocrx_word' id='word_1_315' title='bbox 1856 3771 2221 3822; x_wconf 85' lang='lat' dir='ltr'><strong>Brunensibns</strong></span> <span class='ocrx_word' id='word_1_316' title='bbox 2240 3772 2408 3822; x_wconf 83' lang='lat' dir='ltr'><strong>edidit</strong></span> <span class='ocrx_word' id='word_1_317' title='bbox 2425 3772 2697 3823; x_wconf 81' lang='lat' dir='ltr'><strong>libertates</strong></span> <span class='ocrx_word' id='word_1_318' title='bbox 2714 3778 2767 3823; x_wconf 86' lang='lat' dir='ltr'><strong>et</strong></span> <span class='ocrx_word' id='word_1_319' title='bbox 2780 3770 2911 3836; x_wconf 77' lang='lat' dir='ltr'><strong>jura,</strong></span> 
     </span>
     <span class='ocr_line' id='line_1_40' title="bbox 541 3838 2910 3907; baseline -0.001 -17"><span class='ocrx_word' id='word_1_320' title='bbox 541 3840 682 3905; x_wconf 86' lang='lat' dir='ltr'><strong>quod</strong></span> <span class='ocrx_word' id='word_1_321' title='bbox 719 3840 928 3905; x_wconf 83' lang='lat' dir='ltr'><strong>quidem</strong></span> <span class='ocrx_word' id='word_1_322' title='bbox 964 3840 1022 3889; x_wconf 90' lang='lat' dir='ltr'><strong>in</strong></span> <span class='ocrx_word' id='word_1_323' title='bbox 1057 3840 1298 3891; x_wconf 75' lang='lat' dir='ltr'><strong>Mol-avia</strong></span> <span class='ocrx_word' id='word_1_324' title='bbox 1333 3843 1386 3889; x_wconf 89' lang='lat' dir='ltr'><strong>et</strong></span> <span class='ocrx_word' id='word_1_325' title='bbox 1420 3838 1680 3889; x_wconf 88' lang='lat' dir='ltr'><strong>Bohemia</strong></span> <span class='ocrx_word' id='word_1_326' title='bbox 1713 3841 1939 3905; x_wconf 88' lang='lat' dir='ltr'><strong>primum</strong></span> <span class='ocrx_word' id='word_1_327' title='bbox 1974 3840 2207 3907; x_wconf 87' lang='lat' dir='ltr'><strong>amplius</strong></span> <span class='ocrx_word' id='word_1_328' title='bbox 2243 3855 2434 3906; x_wconf 85' lang='lat' dir='ltr'><strong>corpus</strong></span> <span class='ocrx_word' id='word_1_329' title='bbox 2470 3846 2549 3891; x_wconf 82' lang='lat' dir='ltr'><strong>est</strong></span> <span class='ocrx_word' id='word_1_330' title='bbox 2575 3840 2712 3906; x_wconf 84' lang='lat' dir='ltr'><strong>juris</strong></span> <span class='ocrx_word' id='word_1_331' title='bbox 2746 3839 2910 3891; x_wconf 84' lang='lat' dir='ltr'><strong>muni-</strong></span> 
     </span>
     <span class='ocr_line' id='line_1_41' title="bbox 545 3906 2909 3975; baseline -0.002 -16"><span class='ocrx_word' id='word_1_332' title='bbox 545 3909 751 3973; x_wconf 81' lang='lat' dir='ltr'><strong>cipalis.</strong></span> <span class='ocrx_word' id='word_1_333' title='bbox 787 3909 1046 3974; x_wconf 84' lang='lat' dir='ltr'><strong>Bipartito</strong></span> <span class='ocrx_word' id='word_1_334' title='bbox 1082 3908 1360 3969; x_wconf 68' lang='lat' dir='ltr'><strong>dividitur,</strong></span> <span class='ocrx_word' id='word_1_335' title='bbox 1401 3906 1568 3958; x_wconf 89' lang='lat' dir='ltr'><strong>altera</strong></span> <span class='ocrx_word' id='word_1_336' title='bbox 1604 3922 1744 3974; x_wconf 88' lang='lat' dir='ltr'><strong>pars,</strong></span> <span class='ocrx_word' id='word_1_337' title='bbox 1782 3924 1952 3974; x_wconf 85' lang='lat' dir='ltr'><strong>eaque</strong></span> <span class='ocrx_word' id='word_1_338' title='bbox 1987 3911 2130 3975; x_wconf 88' lang='lat' dir='ltr'><strong>prior</strong></span> <span class='ocrx_word' id='word_1_339' title='bbox 2151 3946 2165 3973; x_wconf 91' lang='lat'><strong>,</strong></span> <span class='ocrx_word' id='word_1_340' title='bbox 2200 3911 2259 3959; x_wconf 90' lang='lat' dir='ltr'><strong>in</strong></span> <span class='ocrx_word' id='word_1_341' title='bbox 2293 3910 2412 3973; x_wconf 88' lang='lat' dir='ltr'><strong>ipso</strong></span> <span class='ocrx_word' id='word_1_342' title='bbox 2450 3910 2635 3975; x_wconf 80' lang='lat' dir='ltr'><strong>scripti</strong></span> <span class='ocrx_word' id='word_1_343' title='bbox 2672 3912 2909 3959; x_wconf 82' lang='lat' dir='ltr'><strong>contextu</strong></span> 
     </span>
     <span class='ocr_line' id='line_1_42' title="bbox 549 3976 2910 4043; baseline -0 -18"><span class='ocrx_word' id='word_1_344' title='bbox 549 3976 922 4041; x_wconf 83' lang='lat' dir='ltr'><strong>„Privilegium</strong></span> <span class='ocrx_word' id='word_1_345' title='bbox 958 3977 1194 4042; x_wconf 81' lang='lat' dir='ltr'><strong>majus,“</strong></span> <span class='ocrx_word' id='word_1_346' title='bbox 1247 3977 1579 4038; x_wconf 85' lang='lat' dir='ltr'><strong>nominatur,</strong></span> <span class='ocrx_word' id='word_1_347' title='bbox 1631 3977 1800 4028; x_wconf 88' lang='lat' dir='ltr'><strong>altera</strong></span> <span class='ocrx_word' id='word_1_348' title='bbox 1849 3980 2019 4029; x_wconf 87' lang='lat' dir='ltr'><strong>minor</strong></span> <span class='ocrx_word' id='word_1_349' title='bbox 2075 3979 2201 4028; x_wconf 90' lang='lat' dir='ltr'><strong>inde</strong></span> <span class='ocrx_word' id='word_1_350' title='bbox 2237 3978 2509 4043; x_wconf 86' lang='lat' dir='ltr'><strong>aptissime</strong></span> <span class='ocrx_word' id='word_1_351' title='bbox 2546 3978 2910 4043; x_wconf 85' lang='lat' dir='ltr'><strong>„Privilegium</strong></span> 
     </span>
     <span class='ocr_line' id='line_1_43' title="bbox 547 4046 2453 4113; baseline 0.001 -18"><span class='ocrx_word' id='word_1_352' title='bbox 547 4046 756 4095; x_wconf 81' lang='lat' dir='ltr'><strong>minus“</strong></span> <span class='ocrx_word' id='word_1_353' title='bbox 795 4049 1095 4111; x_wconf 83' lang='lat' dir='ltr'><strong>nuncupari</strong></span> <span class='ocrx_word' id='word_1_354' title='bbox 1131 4051 1320 4112; x_wconf 86' lang='lat' dir='ltr'><strong>potest,</strong></span> <span class='ocrx_word' id='word_1_355' title='bbox 1357 4052 1597 4097; x_wconf 86' lang='lat' dir='ltr'><strong>attamen</strong></span> <span class='ocrx_word' id='word_1_356' title='bbox 1632 4052 1855 4111; x_wconf 87' lang='lat' dir='ltr'><strong>utraque</strong></span> <span class='ocrx_word' id='word_1_357' title='bbox 1892 4048 2051 4097; x_wconf 86' lang='lat' dir='ltr'><strong>unius</strong></span> <span class='ocrx_word' id='word_1_358' title='bbox 2088 4049 2320 4113; x_wconf 87' lang='lat' dir='ltr'><strong>corporis</strong></span> <span class='ocrx_word' id='word_1_359' title='bbox 2356 4052 2453 4097; x_wconf 88' lang='lat' dir='ltr'><strong>est.</strong></span> 
     </span>
    </p>

    <p class='ocr_par' dir='ltr' id='par_1_16' title="bbox 545 4111 2907 4318">
     <span class='ocr_line' id='line_1_44' title="bbox 753 4111 2906 4182; baseline -0.001 -20"><span class='ocrx_word' id='word_1_360' title='bbox 753 4113 884 4163; x_wconf 80' lang='lat' dir='ltr'><strong>Pars</strong></span> <span class='ocrx_word' id='word_1_361' title='bbox 917 4117 1060 4179; x_wconf 85' lang='lat' dir='ltr'><strong>prior</strong></span> <span class='ocrx_word' id='word_1_362' title='bbox 1095 4117 1332 4165; x_wconf 88' lang='lat' dir='ltr'><strong>continet</strong></span> <span class='ocrx_word' id='word_1_363' title='bbox 1358 4114 1450 4179; x_wconf 86' lang='lat' dir='ltr'><strong>jus</strong></span> <span class='ocrx_word' id='word_1_364' title='bbox 1487 4116 1807 4182; x_wconf 79' lang='lat' dir='ltr'><strong>municipale</strong></span> <span class='ocrx_word' id='word_1_365' title='bbox 1844 4116 1925 4166; x_wconf 85' lang='lat' dir='ltr'><strong>illi</strong></span> <span class='ocrx_word' id='word_1_366' title='bbox 1962 4118 2103 4181; x_wconf 85' lang='lat' dir='ltr'><strong>quod</strong></span> <span class='ocrx_word' id='word_1_367' title='bbox 2138 4116 2195 4165; x_wconf 85' lang='lat' dir='ltr'><strong>in</strong></span> <span class='ocrx_word' id='word_1_368' title='bbox 2230 4117 2385 4167; x_wconf 86' lang='lat' dir='ltr'><strong>terris</strong></span> <span class='ocrx_word' id='word_1_369' title='bbox 2420 4115 2739 4167; x_wconf 79' lang='lat' dir='ltr'><strong>theutonicis</strong></span> <span class='ocrx_word' id='word_1_370' title='bbox 2760 4111 2906 4163; x_wconf 86' lang='lat' dir='ltr'><strong>meri-</strong></span> 
     </span>
     <span class='ocr_line' id='line_1_45' title="bbox 545 4178 2907 4251; baseline 0.001 -18"><span class='ocrx_word' id='word_1_371' title='bbox 545 4181 720 4233; x_wconf 75' lang='lat' dir='ltr'><strong>dianis</strong></span> <span class='ocrx_word' id='word_1_372' title='bbox 772 4183 1128 4249; x_wconf 75' lang='lat' dir='ltr'><strong>usurpabatur</strong></span> <span class='ocrx_word' id='word_1_373' title='bbox 1180 4184 1484 4247; x_wconf 87' lang='lat' dir='ltr'><strong>consimile;</strong></span> <span class='ocrx_word' id='word_1_374' title='bbox 1540 4185 1710 4235; x_wconf 85' lang='lat' dir='ltr'><strong>altera</strong></span> <span class='ocrx_word' id='word_1_375' title='bbox 1775 4185 2141 4251; x_wconf 87' lang='lat' dir='ltr'><strong>complectitur</strong></span> <span class='ocrx_word' id='word_1_376' title='bbox 2188 4187 2435 4237; x_wconf 82' lang='lat' dir='ltr'><strong>instituta</strong></span> <span class='ocrx_word' id='word_1_377' title='bbox 2488 4185 2786 4251; x_wconf 79' lang='lat' dir='ltr'><strong>singularia</strong></span> <span class='ocrx_word' id='word_1_378' title='bbox 2844 4178 2907 4229; x_wconf 73' lang='lat' dir='ltr'><strong>ad</strong></span> 
     </span>
     <span class='ocr_line' id='line_1_46' title="bbox 547 4252 2751 4318; baseline 0.002 -15"><span class='ocrx_word' id='word_1_379' title='bbox 547 4267 702 4303; x_wconf 85' lang='lat' dir='ltr'><strong>usum</strong></span> <span class='ocrx_word' id='word_1_380' title='bbox 739 4256 792 4301; x_wconf 89' lang='lat' dir='ltr'><strong>et</strong></span> <span class='ocrx_word' id='word_1_381' title='bbox 825 4252 1259 4303; x_wconf 87' lang='lat' dir='ltr'><strong>consuetudinem</strong></span> <span class='ocrx_word' id='word_1_382' title='bbox 1295 4255 1469 4318; x_wconf 80' lang='lat' dir='ltr'><strong>gentis</strong></span> <span class='ocrx_word' id='word_1_383' title='bbox 1508 4259 1560 4303; x_wconf 88' lang='lat' dir='ltr'><strong>et</strong></span> <span class='ocrx_word' id='word_1_384' title='bbox 1593 4254 1698 4304; x_wconf 90' lang='lat' dir='ltr'><strong>loci</strong></span> <span class='ocrx_word' id='word_1_385' title='bbox 1735 4254 2098 4305; x_wconf 86' lang='lat' dir='ltr'><strong>accomodata.</strong></span> <span class='ocrx_word' id='word_1_386' title='bbox 2742 4262 2751 4273; x_wconf 85' lang='lat'><strong>’</strong></span> 
     </span>
    </p>
   </div>
  </div>
 </body>
</html>
