3150 5017
422 314 561 363 nm.
604 312 699 362 π.
1385 331 1475 344 -
1560 294 1690 361 388
1773 326 1866 343 -

453 468 667 553 rendi,
715 466 1014 536 similiter
1036 468 1264 571 petitio
1288 470 1414 537 erit
1454 469 1675 535 realis.
1722 473 1780 555 ξ.
1827 468 1890 535 5.
1935 466 2313 534 Praedictas
2357 472 2575 530 autem
2621 462 2832 529 servi-

451 565 626 626 tutes
669 558 724 623 si
770 554 1061 624 ordinari
1083 565 1393 644 poterunt
1426 558 1567 622 sine
1611 552 2081 644 impedimento
2125 554 2332 643 partis
2375 551 2643 618 alterius
2688 572 2832 614 ma-

451 642 712 721 nifesto,
778 644 957 730 ipsas
1019 642 1329 733 deinceps
1388 651 1658 733 propter
1715 641 2048 731 publicam
2114 641 2459 707 utilitatem
2521 639 2830 727 privatae

447 728 841 816 regulariter
864 728 1381 816 praeferendam,
1405 732 1733 819 praesenti
1758 729 2220 795 constitutione
2265 747 2306 791 a
2326 724 2509 793 nullo
2552 723 2678 790 sibi
2699 720 2830 789 sub

450 815 724 884 obtentu
770 816 1013 883 ibidem
1064 819 1353 883 omnium
1417 819 1702 906 partium
1765 838 2028 883 suarum
2076 816 2426 882 statuimus
2515 809 2832 878 rohiben-

450 904 588 981 das,
633 924 759 971 nec
809 906 1157 992 quisquam
1207 906 1275 970 in
1321 927 1440 972 sua
1466 906 1834 993 pertinacia
1877 904 2209 978 ferendus,
2255 902 2366 990 qui
2413 901 2481 966 ni
2528 898 2576 964 il
2621 894 2832 981 aliud,

446 992 575 1056 nisi
624 999 698 1058 ut
742 1001 1004 1074 noceat,
1047 993 1298 1059 laturus
1342 1000 1459 1059 est.

630 1254 692 1335 ἓ.
755 1251 814 1317 6.
891 1250 1167 1319 Frustra
1228 1254 1403 1319 enim
1464 1252 1708 1317 actoris
1815 1251 1996 1317 etitio
2055 1254 2498 1336 attemptetur,
2559 1248 2616 1313 si
2671 1267 2834 1311 reus

435 1358 569 1403 non
630 1338 927 1427 possidet
985 1360 1129 1405 rem
1200 1341 1491 1428 petitam,
1551 1360 1678 1403 nec
1784 1336 1890 1402 olo
1951 1337 2144 1403 desiit
2186 1333 2540 1422 possidere.
2625 1332 2834 1399 Unde

433 1433 588 1490 ante
656 1424 791 1490 litis
838 1428 1377 1493 contestationem
1423 1428 1865 1511 interrogetur
1907 1445 2079 1507 reus,
2139 1445 2226 1488 an
2269 1444 2430 1487 ‘rem
2491 1420 2835 1507 possideat
2899 1481 2914 1490 .

428 1513 571 1597 jam
641 1513 953 1599 petitam3
1000 1515 1054 1577 si
1115 1514 1415 1596 affirmet,
1478 1534 1547 1578 se
1614 1534 1775 1593 rem,
1845 1533 2041 1599 quam
2111 1532 2245 1576 non
2308 1509 2619 1597 possidet,
2681 1527 2832 1594 pos-

434 1598 688 1678 sidere,
768 1597 948 1663 litem
1044 1622 1243 1687 super
1318 1622 1395 1665 eo
1470 1600 1806 1664 sustinens
1889 1620 2110 1663 secum
2187 1596 2574 1662 contestari:
2666 1615 2830 1658 con-

435 1683 903 1772 dempnabitur
975 1687 1182 1752 actori
1243 1686 1329 1751 ad
1405 1708 1598 1751 omne
1680 1686 2018 1768 interesse,
2086 1683 2190 1751 vel
2237 1689 2588 1772 ‚quantum
2637 1682 2830 1765 jura·

445 1773 622 1837 verit
667 1779 853 1837 actor
920 1773 986 1836 in
1059 1773 1262 1839 litem.
1353 1773 1483 1840 Sed
1531 1774 1586 1837 si
1653 1793 1805 1837 reus
1865 1794 2013 1837 cum
2073 1794 2211 1838 rem
2280 1770 2550 1857 petitam
2620 1768 2830 1855 possi·

444 1856 649 1939 deret,
714 1880 783 1923 se
846 1862 1186 1945 negaverit
1231 1859 1602 1947 possidere:
1672 1858 1944 1925 ulterius
2010 1858 2314 1947 petitioni
2379 1855 2623 1921 actoris
2691 1875 2830 1918 non

439 1943 857 2031 compellitur
913 1948 1336 2032 respondere,
1396 1947 1513 2012 sed
1571 1947 1643 2010 in
1709 1967 1786 2012 eo
1831 1948 2118 2029 punitur,
2178 1943 2355 2031 quod
2397 1945 2467 2007 in
2514 1950 2832 2023 actorem,

440 2030 833 2119 probantem
881 2033 1218 2118 possidere
1261 2056 1447 2099 reum
1491 2054 1629 2099 rem
1676 2034 1969 2121 petitam,
2013 2034 2342 2135 possessio
2387 2026 2686 2117 ejusdem
2733 2028 2835 2094 rei

445 2120 833 2185 auctoritate
871 2119 1119 2207 judicis
1163 2121 1617 2204 transferatur,
1663 2121 1966 2207 quamvis
2010 2141 2222 2206 ipsam
2269 2137 2455 2183 suam
2501 2136 2650 2184 esse
2693 2135 2835 2181 non

444 2204 717 2291 probet;
766 2208 923 2293 quia
955 2206 1214 2294 judicia
1260 2207 1593 2274 delusoria
1634 2228 1778 2273 esse
1821 2229 1955 2275 non
2002 2206 2265 2273 debent.

1436 2646 1615 2730 Gap.
1661 2644 1814 2710 Vn.

1173 2762 1275 2829 De
1316 2786 1569 2830 reorum
1613 2764 2099 2851 defensionibus.

604 2892 793 2960 Sicut
840 2898 1019 2961 enim
1066 2901 1416 2984 agentibus
1441 2912 1673 2968 contra
1713 2925 1864 2969 reos
1907 2904 2258 2990 petitiones
2302 2910 2459 2969 sunt
2500 2899 2826 2990 proditae,

436 2980 639 3046 simili
688 2980 882 3049 modo
931 2987 1354 3072 exceptiones
1414 2990 1542 3054 reis
1587 2990 1656 3055 in
1704 2989 2106 3055 defensionis
2165 2989 2536 3056 subsidium
2583 3008 2823 3053 conce-

439 3066 706 3150 duntur,
780 3070 1111 3135 interdum
1174 3073 1260 3137 ad
1308 3075 1637 3161 judicium
1677 3075 2170 3143 declinandum
2237 3086 2302 3143 et
2357 3074 2693 3144 interdum
2741 3072 2828 3139 ad

429 3156 817 3244 petitionem
866 3158 1103 3223 actoris
1150 3158 1545 3227 elidendam.
2582 3183 2604 3201 ⁴

459 3328 474 3343 .
605 3244 668 3323 ἓ.
706 3243 779 3343 ,1.
842 3242 932 3308 Et
993 3242 1234 3311 dicitur
1278 3250 1583 3336 exceptio
1627 3251 1966 3337 petitionis
2010 3251 2217 3317 elisio.
2305 3250 2398 3317 Et
2441 3252 2616 3317 sicut
2659 3248 2828 3335 peti-

427 3335 521 3393 tio
566 3326 835 3393 eliditur
899 3351 1019 3416 per
1074 3334 1551 3421 exceptionem,
1619 3338 1717 3401 sic
1761 3339 2064 3425 exceptio
2130 3359 2252 3425 per
2324 3337 2827 3425 replicationem

425 3411 714 3497 eliditur,
761 3436 841 3479 ac
885 3414 1226 3504 replicatio
1271 3442 1392 3508 per
1446 3422 2003 3509 duplicationem3
2049 3426 2144 3491 ita
2211 3426 2412 3491 etiam
2461 3423 2548 3488 du
2600 3422 2829 3488 licatio

427 3522 550 3589 per
572 3499 1106 3588 triplicationem,
1152 3514 1217 3571 et
1240 3508 1336 3572 sic
1362 3505 1695 3598 deinceps.
1739 3510 2024 3578 Nomina
2060 3512 2523 3578 defensionum
2597 3510 2828 3578 iversi-

429 3584 623 3653 mode
668 3599 1181 3677 nuncupantur3
1225 3594 1343 3659 sed
1386 3604 1610 3664 tamen
1654 3596 1838 3683 largo
1883 3597 2078 3665 modo
2101 3599 2514 3685 exceptionis
2559 3604 2828 3683 sumpto

430 3670 763 3741 vocabulo
786 3678 1063 3763 quaevis
1088 3680 1361 3745 istarum
1386 3681 1841 3749 defensionum
1867 3687 2169 3773 exceptio
2215 3686 2623 3767 nominatur,
2670 3684 2830 3771 quia

432 3758 851 3861 defendendo
875 3765 1195 3831 intentum
1223 3768 1428 3854 partis
1454 3768 1770 3837 adversae
1803 3772 2036 3838 nititur
2059 3794 2394 3839 enervare.
2441 3770 2578 3839 Sed
2603 3772 2830 3836 omnia

429 3846 595 3911 haec
642 3848 793 3912 sciri
841 3859 1121 3937 oportet,
1180 3862 1254 3918 ut
1297 3854 1495 3940 hujus
1548 3858 1724 3944 juris
1769 3858 1969 3945 plena
2015 3860 2433 3946 experientia
2475 3856 2826 3941 habeatur,

434 3940 630 4018 turpe
678 3935 1003 4038 enim-est
1046 3940 1401 4027 unicuique
1446 3944 1751 4029 ignorare
1802 3946 1922 4027 'us,
1990 3948 2059 4010 in
2106 3967 2237 4034 quo
2283 3954 2608 4012 versatur.
2699 3944 2830 4010 His

432 4038 590 4083 vero
637 4029 916 4103 cognitis
961 4044 1133 4107 reus,
1202 4029 1256 4091 si
1304 4050 1466 4114 quas
1512 4030 1710 4096 habet
1777 3969 2193 4100 defensiones
2239 4042 2472 4099 contra
2523 4030 2827 4118 judicem

436 4113 551 4203 aut
595 4112 900 4182 actorem,
945 4124 1286 4198 proponat,
1332 4137 1417 4180 ex
1463 4115 1812 4204 quibiscun
1861 4140 1944 4183 ue
1990 4121 2208 4185 causis
2269 4120 2400 4185 sibi
2449 4128 2829 4205 competere

438 4188 809 4291 videantur,
868 4194 982 4278 jus
1028 4218 1219 4261 suum
1264 4200 1546 4269 viriliter
1611 4202 1803 4269 defen
1855 4206 2051 4289 end0,
2142 4207 2253 4272 uia
2297 4206 2466 4273 nulli
2511 4214 2615 4271 est
2650 4203 2827 4291 juris

436 4270 932 4360 beneplacitum
1002 4278 1477 4373 denegandum,
1561 4311 1686 4355 nec
1755 4293 2058 4381 cuiquam
2097 4230 2268 4360 (iacit
2311 4293 2650 4381 injuriam,
2711 4292 2827 4376 jus
