3150 5017
1495 369 1576 381 -
1673 334 1966 395 190-

536 505 830 585 tulimus‚
888 500 1083 591 plene
1140 504 1563 568 restituemus
1607 512 1670 567 et

538 591 794 656 restitui
811 589 1140 655 faciemus
1184 589 1266 653 In
1287 588 1485 654 dubio
1510 609 1670 654 vero

538 675 849 762 quicquid
894 674 1353 741 Olomueensis
1411 676 1668 761 episco-

537 784 663 850 pus
708 770 773 826 et
815 760 1247 846 purchravius
1292 761 1670 847 saepedicti,

537 869 658 913 nos
675 848 981 928 facturos,
1026 847 1147 911 sub
1162 847 1518 929 juramenti
1560 850 1670 911 de·-

537 934 674 1000 bito
766 934 1306 1015 renuntiaverint,
1339 931 1673 997 faciemus.

775 1019 829 1083 I.
918 1019 1264 1083 Praeterea
1340 1020 1412 1099 si,
1497 1019 1674 1104 quod

542 1105 742 1187 absit,
809 1112 1181 1169 nostrorum
1248 1102 1485 1189 aliquis
1543 1125 1674 1168 ser·

536 1194 819 1258 vitorum
867 1211 983 1276 per
1049 1192 1267 1276 ipsum
1330 1190 1668 1254 dominum

539 1286 832 1343 nostrum
894 1297 1115 1360 regem
1169 1275 1274 1341 vel
1339 1276 1674 1361 adjutores

541 1364 751 1449 ipsius
816 1363 1231 1448 gravabitur,
1297 1363 1513 1448 ipsum
1559 1360 1670 1425 do-

538 1451 790 1514 minum
874 1455 1168 1513 nostrum
1191 1495 1210 1529 ‚
1300 1448 1356 1524 si
1435 1468 1670 1533 grava-

539 1557 691 1600 men
733 1535 1057 1600 notorium
1107 1542 1173 1598 et
1217 1534 1485 1598 evidens
1531 1532 1669 1597 fue-

538 1624 643 1703 rit,
688 1642 808 1708 per
850 1620 1116 1684 nuntios
1161 1626 1421 1684 nostros
1468 1640 1668 1703 super

540 1708 962 1774 revocatione
1056 1713 1121 1770 et
1199 1706 1669 1770 retractatione

538 1791 918 1879 hujusmodi
992 1793 1396 1876 gravaminis
1469 1792 1666 1856 inter-

546 1876 801 1965 pellare
890 1878 1278 1943 tenebimur.
1366 1914 1453 1925 ---
1537 1877 1669 1957 Qui

542 1965 849 2030 dominus
917 1972 1141 2028 noster
1184 1985 1322 2044 rex,
1370 1963 1427 2026 si
1470 1964 1669 2028 inter-

542 2048 825 2139 pellatus
870 2070 1231 2135 gravamen
1292 2046 1670 2135 hujusmodi

540 2138 868 2202 notorium
940 2145 1005 2201 et
1060 2158 1182 2222 per
1247 2136 1344 2200 rei
1404 2135 1668 2201 eviden-

539 2225 701 2289 tiam
744 2221 1167 2287 manifestum
1212 2242 1346 2285 non
1404 2242 1669 2286 revoca-

540 2311 711 2376 verit
790 2329 915 2374 nec
996 2307 1227 2372 fecerit
1305 2306 1667 2381 retractari,

540 2416 665 2461 nos
724 2394 1059 2480 adjutores
1116 2400 1373 2458 nostros
1448 2393 1670 2479 hujus·

543 2480 724 2545 modi
779 2499 1011 2565 passos
1056 2479 1381 2565 injuriam,
1440 2500 1668 2565 possu-

546 2588 693 2630 mus
782 2574 846 2631 et
944 2566 1315 2631 tenebimus
1411 2565 1668 2651 juvare.

544 2690 631 2702 -—
709 2650 906 2731 Quod
978 2653 1047 2715 in
1124 2672 1282 2715 casu
1354 2672 1669 2715 converso

544 2739 727 2803 circa
814 2737 1165 2803 servitores
1268 2738 1670 2802 serenissimi

543 2824 719 2909 regis
761 2823 1227 2905 Romanorum,
1273 2822 1517 2887 domini
1558 2844 1672 2888 no·

544 2913 681 2992 stri,
727 2911 851 2976 erit
893 2932 1010 2995 per
1054 2912 1273 2974 omnia
1317 2907 1672 2974 observan-

544 2997 723 3062 dum.
800 3032 884 3046 --
945 2994 1016 3061 Si
1080 3017 1236 3061 vero
1309 3017 1673 3081 gravamen

543 3081 787 3148 nestris
830 3082 1087 3147 illatum
1134 3079 1409 3146 dubium
1454 3080 1671 3163 fuerit,

544 3168 1003 3235 Olomucensis
1049 3169 1397 3254 episcopus
1428 3176 1493 3233 et
1525 3190 1673 3253 pur·

546 3255 855 3319 chravius
880 3254 1237 3339 supradicti
1256 3275 1453 3341 super
1482 3253 1610 3317 hoc
1633 3274 1674 3317 a

546 3342 739 3406 nobis
805 3340 1203 3427 interpellati
1291 3340 1674 3427 perquirent

547 3447 787 3492 causae
829 3426 1091 3512 plenius
1136 3430 1495 3491 veritatem.
1541 3425 1673 3506 Qui

544 3515 602 3579 si
648 3513 769 3577 sub
805 3513 1170 3599 juramenti
1228 3511 1449 3577 debito
1495 3513 1708 3585 dixe<

546 3600 699 3682 rint,
743 3600 962 3685 ipsum
1010 3598 1344 3663 dominum
1370 3605 1670 3663 nostrum

542 3684 651 3751 vel
695 3683 1029 3771 adjutores
1072 3685 1280 3770 ipsius
1315 3704 1673 3769 gravamen

542 3771 653 3838 vel
697 3772 1009 3856 injuriam
1056 3771 1296 3835 nostris
1339 3771 1674 3835 servitori-

544 3856 670 3923 bus
714 3857 1095 3923 nullatenus
1140 3853 1461 3937 intulisse,
1508 3856 1675 3920 nihil

543 3944 673 4029 ipsi
736 3944 998 4008 domino
1059 3951 1283 4008 nostro
1358 3942 1466 4007 vel
1539 3944 1675 4007 suis

543 4028 1032 4113 imputabimus.
1121 4064 1207 4078 --
1295 4026 1366 4091 Si
1454 4037 1675 4093 autem

544 4115 921 4180 invenerint
980 4114 1314 4181 dominum
1378 4123 1675 4180 nostrum

546 4220 767 4285 regem
814 4200 920 4265 vel
967 4222 1120 4267 suos
1163 4200 1551 4288 culpabiles,
1613 4209 1678 4269 et
1780 4208 1854 4264 ut
1893 4207 1998 4265 est
2040 4221 2443 4286 expressum.

1777 541 1858 553 -
1919 504 2000 567 In
2063 502 2261 568 dubio
2348 522 2506 569 vero
2597 502 2910 588 quiequid

1777 588 2238 656 Olomucensis
2327 596 2396 654 et
2479 587 2912 674 purchravius

1777 675 2154 761 saepedicti,
2216 697 2334 740 nos
2401 672 2722 750 facturos,
2791 672 2910 737 sub

1766 762 2132 849 juramenti
2222 760 2443 826 debito
2529 761 2910 846 pronuntia·

1775 850 2013 929 verint,
2057 846 2390 913 faciemus.

1950 1017 2067 1082 VI.
2157 1016 2506 1083 Praeterea
2571 1018 2665 1099 si,
2733 1018 2910 1103 quod

1774 1101 1967 1185 absit,
2000 1111 2376 1169 nostrorum
2423 1102 2661 1187 aliquis
2707 1104 2909 1169 servi-

1773 1198 1987 1254 torum
2047 1211 2168 1275 per
2209 1190 2426 1276 ipsum
2474 1210 2696 1273 regem
2745 1188 2907 1253 Boe-

1773 1277 1946 1339 miae
1992 1273 2098 1339 vel
2144 1274 2480 1360 adjutores
2523 1275 2734 1360 ipsius
2761 1296 2905 1359 gras

1773 1360 2056 1443 vabitur,
2117 1362 2332 1446 ipsum
2391 1382 2609 1446 regem
2660 1362 2715 1424 si
2761 1382 2907 1445 gra·

1772 1467 2011 1511 vamen
2094 1448 2421 1512 notorium
2492 1456 2556 1512 et
2628 1447 2906 1511 evidens

1773 1532 1993 1613 fuerit,
2041 1554 2160 1618 per
2202 1534 2469 1597 nuntios
2514 1541 2776 1597 nostros
2801 1554 2904 1597 su-

1821 1641 1892 1682 er
1910 1621 2327 1684 revocatione
2365 1626 2431 1683 et
2448 1620 2905 1683 retractatione

1772 1641 2150 1787 Eujusmodi
2229 1707 2632 1790 gravaminis
2705 1705 2903 1769 inter-

1773 1790 2024 1876 pellare
2112 1789 2500 1856 tenebimur.
2587 1826 2677 1839 —-
2773 1790 2904 1871 Qui

1773 1898 1910 1957 reX,
1959 1877 2012 1940 si
2060 1876 2518 1964 interpellatus
2541 1897 2904 1961 gravamen

1772 1962 2150 2048 hujusmodi
2231 1964 2560 2028 notorium
2641 1969 2709 2027 et
2789 1969 2906 2048 pei·

1773 2051 1866 2113 rei
1892 2047 2294 2113 evidentiam
2317 2047 2738 2114 manifestum
2770 2069 2901 2111 non

1770 2136 2195 2215 revocaverit,
2242 2155 2377 2199 non
2402 2135 2633 2200 fecerit
2654 2141 2898 2199 retrac-

1772 2220 1917 2301 tari,
1961 2242 2082 2285 nos
2128 2220 2461 2307 adjutores
2484 2229 2744 2286 nostros
2789 2218 2900 2283 hu·

1766 2306 2058 2393 jusmodi
2102 2328 2332 2392 passos
2374 2308 2707 2394 injuriam,
2748 2326 2897 2393 pos-

1772 2414 2000 2458 sumus
2077 2402 2142 2457 et
2211 2392 2582 2458 tenebimur
2639 2393 2892 2481 juvare.

1769 2514 1860 2527 -
1946 2477 2141 2559 Quod
2211 2480 2281 2544 in
2341 2501 2499 2544 casu
2588 2498 2897 2544 converso

1773 2566 1950 2631 circa.
1993 2564 2341 2629 servitores
2385 2565 2558 2651 regis
2589 2564 2892 2630 Boemiae

1774 2653 1896 2716 erit
1954 2672 2073 2737 per
2131 2652 2349 2716 omnia
2395 2649 2893 2716 observandum.

1772 2774 1860 2785 —-
1903 2736 1972 2801 Si
2031 2758 2190 2802 vero
2249 2758 2609 2822 gravamen
2659 2737 2894 2801 nostris

1774 2821 2031 2887 illatum
2075 2820 2345 2888 dubium
2407 2824 2622 2901 fuerit,
2681 2822 2897 2889 Olmu-

1775 2910 1989 2974 censis
2049 2916 2114 2974 et
2170 2908 2607 2995 purchravius
2682 2928 2896 2995 supra-

1775 2994 1934 3059 dicti
1976 3016 2176 3080 super
2218 2994 2344 3059 hoc
2387 3018 2428 3061 a
2453 2994 2665 3061 nobis
2701 2996 2890 3059 inter-

1775 3079 2002 3168 pellati
2046 3084 2431 3167 perquirent
2474 3101 2716 3146 causae
2761 3078 2890 3166 ple-

1775 3168 1928 3232 nius
2015 3168 2380 3233 veritatem.
2462 3204 2550 3217 -—
2633 3167 2763 3247 Qui
2842 3164 2899 3228 si

1776 3252 1900 3319 sub
1937 3253 2298 3340 juramenti
2344 3252 2568 3320 debito
2595 3253 2896 3330 dixerint,

1774 3341 1992 3439 ipsum
2037 3360 2259 3424 regem
2302 3339 2412 3405 vel
2456 3341 2788 3426 adjutores
2809 3340 2896 3422 ip—

1778 3447 1915 3490 sius
1986 3432 2345 3510 gravamen
2420 3425 2530 3492 vel
2598 3424 2895 3511 injuriam

1777 3512 2018 3577 nostris
2063 3511 2492 3577 servitoribus
2529 3511 2895 3577 nullatenus

1776 3596 2116 3679 intulisse,
2177 3596 2342 3662 nihil
2408 3598 2537 3684 ipsi
2603 3598 2744 3683 regi
2797 3590 2894 3659 vel

1779 3683 1915 3747 suis
1980 3681 2473 3769 imputabimus.
2537 3720 2623 3732 —
2682 3684 2752 3748 Si
2794 3702 2894 3745 au—

1778 3777 1910 3834 tem
1956 3770 2329 3833 invenerint
2381 3790 2531 3833 eum
2587 3768 2695 3835 vel
2747 3786 2892 3831 suos

1778 3854 2142 3941 culpabiles
2187 3864 2252 3919 et
2293 3878 2414 3920 rex
2459 3856 2602 3941 ipse
2640 3851 2893 3941 requisi-

1778 3949 1887 4005 tus
1933 3940 2015 4005 ab
2039 3941 2224 4027 ipsis,
2249 3940 2635 4007 Olmucensi
2660 3949 2724 4006 et
2749 3959 2888 4027 pur·

1781 4025 2067 4109 chravio,
2093 4046 2228 4090 non
2260 4026 2743 4093 emendaverit:
2788 4023 2886 4089 ad-

1771 4115 2027 4199 jutores
2067 4120 2324 4179 nostros
2349 4114 2744 4199 juvabimus,
2765 4130 2889 4197 pro·

2492 4199 2685 4281 Quod
2737 4200 2890 4262 circa

546 4308 667 4351 rex
726 4288 865 4373 ipse
925 4288 1277 4372 requisitus
1350 4287 1436 4352 ab
1514 4288 1678 4373 ipsis
1779 4308 1904 4350 nos
1947 4286 2092 4349 vice
2135 4306 2330 4350 versa
2375 4306 2492 4370 per
2536 4287 2756 4351 omnia
2796 4281 2886 4347 ob·

1785 4373 2030 4436 servari
2075 4370 2356 4437 debebit.
