<?xml version="1.0" encoding="UTF-8"?>
<!DOCTYPE html PUBLIC "-//W3C//DTD XHTML 1.0 Transitional//EN"
    "http://www.w3.org/TR/xhtml1/DTD/xhtml1-transitional.dtd">
<html xmlns="http://www.w3.org/1999/xhtml" xml:lang="en" lang="en">
 <head>
  <title>
</title>
<meta http-equiv="Content-Type" content="text/html;charset=utf-8" />
  <meta name='ocr-system' content='tesseract 3.04.00' />
  <meta name='ocr-capabilities' content='ocr_page ocr_carea ocr_par ocr_line ocrx_word'/>
</head>
<body>
  <div class='ocr_page' id='page_1' title='image "./codexjurisbohem01unkngoog_0189.png"; bbox 0 0 3150 5017; ppageno 0'>
   <div class='ocr_carea' id='block_1_1' title="bbox 1157 359 1634 424">
    <p class='ocr_par' dir='ltr' id='par_1_1' title="bbox 1157 359 1634 424">
     <span class='ocr_line' id='line_1_1' title="bbox 1157 359 1634 424; baseline 0.006 -3"><span class='ocrx_word' id='word_1_1' title='bbox 1157 359 1634 424; x_wconf 79' lang='lat'>—179—</span> 
     </span>
    </p>
   </div>
   <div class='ocr_carea' id='block_1_2' title="bbox 238 526 2584 958">
    <p class='ocr_par' dir='ltr' id='par_1_2' title="bbox 238 526 2584 958">
     <span class='ocr_line' id='line_1_2' title="bbox 383 526 2579 618; baseline 0.002 -25"><span class='ocrx_word' id='word_1_2' title='bbox 383 530 467 593; x_wconf 84' lang='lat' dir='ltr'><strong>Et</strong></span> <span class='ocrx_word' id='word_1_3' title='bbox 506 529 558 592; x_wconf 90' lang='lat' dir='ltr'><strong>si</strong></span> <span class='ocrx_word' id='word_1_4' title='bbox 601 529 673 592; x_wconf 89' lang='lat' dir='ltr'><strong>in</strong></span> <span class='ocrx_word' id='word_1_5' title='bbox 716 528 845 592; x_wconf 83' lang='lat' dir='ltr'><strong>hac</strong></span> <span class='ocrx_word' id='word_1_6' title='bbox 928 535 1067 592; x_wconf 86' lang='lat' dir='ltr'><strong>arte</strong></span> <span class='ocrx_word' id='word_1_7' title='bbox 1114 526 1594 615; x_wconf 87' lang='lat' dir='ltr'><strong>archiepiscopi</strong></span> <span class='ocrx_word' id='word_1_8' title='bbox 1635 535 1702 596; x_wconf 89' lang='lat' dir='ltr'><strong>et</strong></span> <span class='ocrx_word' id='word_1_9' title='bbox 1747 529 2043 618; x_wconf 74' lang='lat' dir='ltr'><strong>episcopi</strong></span> <span class='ocrx_word' id='word_1_10' title='bbox 2088 532 2412 617; x_wconf 77' lang='lat' dir='ltr'><strong>praedicti</strong></span> <span class='ocrx_word' id='word_1_11' title='bbox 2442 539 2579 598; x_wconf 87' lang='lat' dir='ltr'><strong>tam</strong></span> 
     </span>
     <span class='ocr_line' id='line_1_3' title="bbox 239 615 2584 701; baseline 0 -19"><span class='ocrx_word' id='word_1_12' title='bbox 239 637 572 700; x_wconf 85' lang='lat' dir='ltr'><strong>regnorum,</strong></span> <span class='ocrx_word' id='word_1_13' title='bbox 638 616 826 699; x_wconf 85' lang='lat' dir='ltr'><strong>regni</strong></span> <span class='ocrx_word' id='word_1_14' title='bbox 936 615 1206 700; x_wconf 84' lang='lat' dir='ltr'><strong>ngariae</strong></span> <span class='ocrx_word' id='word_1_15' title='bbox 1267 636 1462 701; x_wconf 88' lang='lat' dir='ltr'><strong>quam</strong></span> <span class='ocrx_word' id='word_1_16' title='bbox 1508 615 1699 701; x_wconf 86' lang='lat' dir='ltr'><strong>regni</strong></span> <span class='ocrx_word' id='word_1_17' title='bbox 1744 617 1952 683; x_wconf 79' lang='lat' dir='ltr'><strong>nostri</strong></span> <span class='ocrx_word' id='word_1_18' title='bbox 1996 625 2062 683; x_wconf 88' lang='lat' dir='ltr'><strong>et</strong></span> <span class='ocrx_word' id='word_1_19' title='bbox 2101 626 2423 682; x_wconf 87' lang='lat' dir='ltr'><strong>terrarum</strong></span> <span class='ocrx_word' id='word_1_20' title='bbox 2468 639 2584 684; x_wconf 91' lang='lat' dir='ltr'><strong>no-</strong></span> 
     </span>
     <span class='ocr_line' id='line_1_4' title="bbox 240 699 2584 786; baseline 0.001 -19"><span class='ocrx_word' id='word_1_21' title='bbox 240 713 485 767; x_wconf 87' lang='lat' dir='ltr'><strong>strarum</strong></span> <span class='ocrx_word' id='word_1_22' title='bbox 542 699 954 785; x_wconf 74' lang='lat' dir='ltr'><strong>negligentes</strong></span> <span class='ocrx_word' id='word_1_23' title='bbox 1010 701 1083 764; x_wconf 88' lang='lat' dir='ltr'><strong>in</strong></span> <span class='ocrx_word' id='word_1_24' title='bbox 1144 700 1551 786; x_wconf 82' lang='lat' dir='ltr'><strong>exequendis</strong></span> <span class='ocrx_word' id='word_1_25' title='bbox 1664 704 1999 767; x_wconf 85' lang='lat' dir='ltr'><strong>raemissis</strong></span> <span class='ocrx_word' id='word_1_26' title='bbox 2059 705 2432 769; x_wconf 76' lang='lat' dir='ltr'><strong>exstiterint</strong></span> <span class='ocrx_word' id='word_1_27' title='bbox 2474 703 2584 770; x_wconf 85' lang='lat' dir='ltr'><strong>vel</strong></span> 
     </span>
     <span class='ocr_line' id='line_1_5' title="bbox 239 785 2582 874; baseline 0.001 -22"><span class='ocrx_word' id='word_1_28' title='bbox 239 789 478 862; x_wconf 80' lang='lat' dir='ltr'><strong>remissi,</strong></span> <span class='ocrx_word' id='word_1_29' title='bbox 523 788 883 871; x_wconf 87' lang='lat' dir='ltr'><strong>punientur</strong></span> <span class='ocrx_word' id='word_1_30' title='bbox 924 809 963 850; x_wconf 88' lang='lat' dir='ltr'><strong>a</strong></span> <span class='ocrx_word' id='word_1_31' title='bbox 1008 787 1290 852; x_wconf 85' lang='lat' dir='ltr'><strong>dominis</strong></span> <span class='ocrx_word' id='word_1_32' title='bbox 1308 785 1628 851; x_wconf 81' lang='lat' dir='ltr'><strong>cardinali</strong></span> <span class='ocrx_word' id='word_1_33' title='bbox 1677 809 1774 865; x_wconf 89' lang='lat' dir='ltr'><strong>us,</strong></span> <span class='ocrx_word' id='word_1_34' title='bbox 1820 809 2095 874; x_wconf 88' lang='lat' dir='ltr'><strong>quorum</strong></span> <span class='ocrx_word' id='word_1_35' title='bbox 2133 789 2582 874; x_wconf 75' lang='lat' dir='ltr'><strong>jurisdictioni</strong></span> 
     </span>
     <span class='ocr_line' id='line_1_6' title="bbox 238 871 2582 958; baseline 0.001 -20"><span class='ocrx_word' id='word_1_36' title='bbox 238 896 294 939; x_wconf 88' lang='lat' dir='ltr'><strong>se</strong></span> <span class='ocrx_word' id='word_1_37' title='bbox 332 875 393 937; x_wconf 90' lang='lat' dir='ltr'><strong>in</strong></span> <span class='ocrx_word' id='word_1_38' title='bbox 434 872 555 937; x_wconf 87' lang='lat' dir='ltr'><strong>hac</strong></span> <span class='ocrx_word' id='word_1_39' title='bbox 593 882 779 958; x_wconf 86' lang='lat' dir='ltr'><strong>parte</strong></span> <span class='ocrx_word' id='word_1_40' title='bbox 804 871 1247 958; x_wconf 74' lang='lat' dir='ltr'><strong>subiecerunt,</strong></span> <span class='ocrx_word' id='word_1_41' title='bbox 1294 881 1607 958; x_wconf 85' lang='lat' dir='ltr'><strong>tanquam</strong></span> <span class='ocrx_word' id='word_1_42' title='bbox 1645 875 2008 958; x_wconf 88' lang='lat' dir='ltr'><strong>juramenti</strong></span> <span class='ocrx_word' id='word_1_43' title='bbox 2053 876 2350 958; x_wconf 84' lang='lat' dir='ltr'><strong>praestiti</strong></span> <span class='ocrx_word' id='word_1_44' title='bbox 2372 884 2582 941; x_wconf 90' lang='lat' dir='ltr'><strong>trans-</strong></span> 
     </span>
    </p>
   </div>
   <div class='ocr_carea' id='block_1_3' title="bbox 234 979 1480 1110">
    <p class='ocr_par' dir='ltr' id='par_1_3' title="bbox 234 979 1480 1110">
     <span class='ocr_line' id='line_1_7' title="bbox 234 979 547 1044; baseline -0.01 -20"><span class='ocrx_word' id='word_1_45' title='bbox 234 979 547 1044; x_wconf 85' lang='lat' dir='ltr'><strong>gressores.</strong></span> 
     </span>
     <span class='ocr_line' id='line_1_8' title="bbox 1292 1044 1480 1110; baseline -0.011 0"><span class='ocrx_word' id='word_1_46' title='bbox 1292 1044 1480 1110; x_wconf 90' lang='lat' dir='ltr'><strong>VIII.</strong></span> 
     </span>
    </p>
   </div>
   <div class='ocr_carea' id='block_1_4' title="bbox 223 1147 2591 2264">
    <p class='ocr_par' dir='ltr' id='par_1_4' title="bbox 223 1147 2591 2264">
     <span class='ocr_line' id='line_1_9' title="bbox 376 1147 2574 1234; baseline 0.002 -22"><span class='ocrx_word' id='word_1_47' title='bbox 376 1148 671 1213; x_wconf 74' lang='lat' dir='ltr'><strong>Berones</strong></span> <span class='ocrx_word' id='word_1_48' title='bbox 731 1149 1002 1234; x_wconf 83' lang='lat' dir='ltr'><strong>insuper</strong></span> <span class='ocrx_word' id='word_1_49' title='bbox 1059 1147 1246 1232; x_wconf 80' lang='lat' dir='ltr'><strong>regni</strong></span> <span class='ocrx_word' id='word_1_50' title='bbox 1306 1147 1534 1228; x_wconf 81' lang='lat' dir='ltr'><strong>nostri,</strong></span> <span class='ocrx_word' id='word_1_51' title='bbox 1594 1147 1906 1214; x_wconf 83' lang='lat' dir='ltr'><strong>videlicet</strong></span> <span class='ocrx_word' id='word_1_52' title='bbox 1965 1151 2361 1214; x_wconf 88' lang='lat' dir='ltr'><strong>camerarius</strong></span> <span class='ocrx_word' id='word_1_53' title='bbox 2406 1151 2574 1216; x_wconf 90' lang='lat' dir='ltr'><strong>Boe·</strong></span> 
     </span>
     <span class='ocr_line' id='line_1_10' title="bbox 235 1232 2568 1319; baseline 0.001 -21"><span class='ocrx_word' id='word_1_54' title='bbox 235 1236 405 1316; x_wconf 86' lang='lat' dir='ltr'><strong>miae,</strong></span> <span class='ocrx_word' id='word_1_55' title='bbox 468 1233 869 1299; x_wconf 87' lang='lat' dir='ltr'><strong>Yeroschius</strong></span> <span class='ocrx_word' id='word_1_56' title='bbox 936 1232 1019 1297; x_wconf 89' lang='lat' dir='ltr'><strong>de</strong></span> <span class='ocrx_word' id='word_1_57' title='bbox 1082 1232 1513 1316; x_wconf 85' lang='lat' dir='ltr'><strong>Vvhsberch,</strong></span> <span class='ocrx_word' id='word_1_58' title='bbox 1581 1235 1919 1300; x_wconf 87' lang='lat' dir='ltr'><strong>Jaroslaus</strong></span> <span class='ocrx_word' id='word_1_59' title='bbox 1989 1235 2070 1300; x_wconf 87' lang='lat' dir='ltr'><strong>de</strong></span> <span class='ocrx_word' id='word_1_60' title='bbox 2137 1235 2568 1319; x_wconf 83' lang='lat' dir='ltr'><strong>Lewnberch,</strong></span> 
     </span>
     <span class='ocr_line' id='line_1_11' title="bbox 232 1317 2569 1405; baseline 0.002 -21"><span class='ocrx_word' id='word_1_61' title='bbox 232 1321 437 1384; x_wconf 90' lang='lat' dir='ltr'><strong>Borsso</strong></span> <span class='ocrx_word' id='word_1_62' title='bbox 483 1319 567 1384; x_wconf 87' lang='lat' dir='ltr'><strong>de</strong></span> <span class='ocrx_word' id='word_1_63' title='bbox 610 1317 1066 1399; x_wconf 85' lang='lat' dir='ltr'><strong>Risemburch,</strong></span> <span class='ocrx_word' id='word_1_64' title='bbox 1110 1318 1421 1384; x_wconf 77' lang='lat' dir='ltr'><strong>Zbizlaus</strong></span> <span class='ocrx_word' id='word_1_65' title='bbox 1459 1320 1894 1405; x_wconf 87' lang='lat' dir='ltr'><strong>purchravius</strong></span> <span class='ocrx_word' id='word_1_66' title='bbox 1933 1321 2304 1405; x_wconf 85' lang='lat' dir='ltr'><strong>Pragensis,</strong></span> <span class='ocrx_word' id='word_1_67' title='bbox 2349 1323 2569 1388; x_wconf 86' lang='lat' dir='ltr'><strong>Iarrso</strong></span> 
     </span>
     <span class='ocr_line' id='line_1_12' title="bbox 234 1404 2568 1490; baseline 0.002 -20"><span class='ocrx_word' id='word_1_68' title='bbox 234 1407 295 1470; x_wconf 88' lang='lat' dir='ltr'><strong>de</strong></span> <span class='ocrx_word' id='word_1_69' title='bbox 332 1404 853 1485; x_wconf 83' lang='lat' dir='ltr'><strong>Waldemberch,</strong></span> <span class='ocrx_word' id='word_1_70' title='bbox 911 1405 1227 1490; x_wconf 81' lang='lat' dir='ltr'><strong>Dytricus</strong></span> <span class='ocrx_word' id='word_1_71' title='bbox 1273 1406 1797 1472; x_wconf 85' lang='lat' dir='ltr'><strong>subcamerarius</strong></span> <span class='ocrx_word' id='word_1_72' title='bbox 1859 1407 2193 1489; x_wconf 89' lang='lat' dir='ltr'><strong>Boemiae,</strong></span> <span class='ocrx_word' id='word_1_73' title='bbox 2251 1409 2568 1474; x_wconf 84' lang='lat' dir='ltr'><strong>Bawarus</strong></span> 
     </span>
     <span class='ocr_line' id='line_1_13' title="bbox 237 1489 2562 1582; baseline 0.002 -27"><span class='ocrx_word' id='word_1_74' title='bbox 237 1492 300 1556; x_wconf 89' lang='lat' dir='ltr'><strong>de</strong></span> <span class='ocrx_word' id='word_1_75' title='bbox 338 1491 730 1573; x_wconf 83' lang='lat' dir='ltr'><strong>Straconicz,</strong></span> <span class='ocrx_word' id='word_1_76' title='bbox 797 1489 1049 1576; x_wconf 83' lang='lat' dir='ltr'><strong>Hynko</strong></span> <span class='ocrx_word' id='word_1_77' title='bbox 1111 1492 1191 1556; x_wconf 88' lang='lat' dir='ltr'><strong>de</strong></span> <span class='ocrx_word' id='word_1_78' title='bbox 1236 1490 1745 1576; x_wconf 90' lang='lat' dir='ltr'><strong>Luhtemburch‚</strong></span> <span class='ocrx_word' id='word_1_79' title='bbox 1809 1491 2060 1557; x_wconf 85' lang='lat' dir='ltr'><strong>Stenko</strong></span> <span class='ocrx_word' id='word_1_80' title='bbox 2120 1495 2321 1559; x_wconf 86' lang='lat' dir='ltr'><strong>frater</strong></span> <span class='ocrx_word' id='word_1_81' title='bbox 2363 1495 2562 1582; x_wconf 78' lang='lat' dir='ltr'><strong>Zmy-</strong></span> 
     </span>
     <span class='ocr_line' id='line_1_14' title="bbox 230 1576 2580 1662; baseline 0.002 -22"><span class='ocrx_word' id='word_1_82' title='bbox 230 1578 385 1654; x_wconf 87' lang='lat' dir='ltr'><strong>lonis,</strong></span> <span class='ocrx_word' id='word_1_83' title='bbox 426 1577 679 1642; x_wconf 86' lang='lat' dir='ltr'><strong>Zlavko</strong></span> <span class='ocrx_word' id='word_1_84' title='bbox 723 1576 896 1642; x_wconf 89' lang='lat' dir='ltr'><strong>filius</strong></span> <span class='ocrx_word' id='word_1_85' title='bbox 941 1578 1358 1653; x_wconf 89' lang='lat' dir='ltr'><strong>Borschonis,</strong></span> <span class='ocrx_word' id='word_1_86' title='bbox 1404 1577 1752 1644; x_wconf 89' lang='lat' dir='ltr'><strong>Hartlibus</strong></span> <span class='ocrx_word' id='word_1_87' title='bbox 1791 1583 2188 1644; x_wconf 84' lang='lat' dir='ltr'><strong>camerarius</strong></span> <span class='ocrx_word' id='word_1_88' title='bbox 2208 1580 2580 1662; x_wconf 87' lang='lat' dir='ltr'><strong>Moraviae,·</strong></span> 
     </span>
     <span class='ocr_line' id='line_1_15' title="bbox 228 1661 2567 1750; baseline 0.002 -23"><span class='ocrx_word' id='word_1_89' title='bbox 228 1663 503 1728; x_wconf 84' lang='lat' dir='ltr'><strong>Bohusch</strong></span> <span class='ocrx_word' id='word_1_90' title='bbox 550 1661 1050 1746; x_wconf 83' lang='lat' dir='ltr'><strong>mareschalcus,</strong></span> <span class='ocrx_word' id='word_1_91' title='bbox 1095 1664 1348 1730; x_wconf 88' lang='lat' dir='ltr'><strong>aneta</strong></span> <span class='ocrx_word' id='word_1_92' title='bbox 1393 1663 1670 1750; x_wconf 85' lang='lat' dir='ltr'><strong>dapifer,</strong></span> <span class='ocrx_word' id='word_1_93' title='bbox 1728 1665 2188 1730; x_wconf 83' lang='lat' dir='ltr'><strong>Nezamizlaus</strong></span> <span class='ocrx_word' id='word_1_94' title='bbox 2250 1667 2567 1749; x_wconf 88' lang='lat' dir='ltr'><strong>pincerna</strong></span> 
     </span>
     <span class='ocr_line' id='line_1_16' title="bbox 228 1749 2571 1836; baseline 0.001 -22"><span class='ocrx_word' id='word_1_95' title='bbox 228 1750 561 1830; x_wconf 84' lang='lat' dir='ltr'><strong>Moraviae,</strong></span> <span class='ocrx_word' id='word_1_96' title='bbox 628 1749 863 1814; x_wconf 84' lang='lat' dir='ltr'><strong>Milota</strong></span> <span class='ocrx_word' id='word_1_97' title='bbox 928 1749 1131 1815; x_wconf 87' lang='lat' dir='ltr'><strong>frater</strong></span> <span class='ocrx_word' id='word_1_98' title='bbox 1196 1751 1529 1824; x_wconf 87' lang='lat' dir='ltr'><strong>Benessii,</strong></span> <span class='ocrx_word' id='word_1_99' title='bbox 1619 1749 1854 1815; x_wconf 84' lang='lat' dir='ltr'><strong>Chuno</strong></span> <span class='ocrx_word' id='word_1_100' title='bbox 1922 1751 2123 1815; x_wconf 86' lang='lat' dir='ltr'><strong>frater</strong></span> <span class='ocrx_word' id='word_1_101' title='bbox 2190 1751 2571 1836; x_wconf 84' lang='lat' dir='ltr'><strong>Zmizlonis,</strong></span> 
     </span>
     <span class='ocr_line' id='line_1_17' title="bbox 227 1834 2591 1924; baseline 0.002 -25"><span class='ocrx_word' id='word_1_102' title='bbox 227 1836 353 1900; x_wconf 83' lang='lat' dir='ltr'><strong>Otto</strong></span> <span class='ocrx_word' id='word_1_103' title='bbox 396 1835 475 1900; x_wconf 90' lang='lat' dir='ltr'><strong>de</strong></span> <span class='ocrx_word' id='word_1_104' title='bbox 497 1835 867 1916; x_wconf 83' lang='lat' dir='ltr'><strong>Haselowe,</strong></span> <span class='ocrx_word' id='word_1_105' title='bbox 916 1834 1072 1900; x_wconf 89' lang='lat' dir='ltr'><strong>Otto</strong></span> <span class='ocrx_word' id='word_1_106' title='bbox 1097 1836 1177 1901; x_wconf 90' lang='lat' dir='ltr'><strong>de</strong></span> <span class='ocrx_word' id='word_1_107' title='bbox 1202 1834 1699 1917; x_wconf 77' lang='lat' dir='ltr'><strong>Perhtoltsdorf‚</strong></span> <span class='ocrx_word' id='word_1_108' title='bbox 1744 1834 2000 1902; x_wconf 86' lang='lat' dir='ltr'><strong>Heutef</strong></span> <span class='ocrx_word' id='word_1_109' title='bbox 2013 1836 2094 1900; x_wconf 92' lang='lat' dir='ltr'><strong>de</strong></span> <span class='ocrx_word' id='word_1_110' title='bbox 2123 1836 2591 1924; x_wconf 62' lang='lat' dir='ltr'><strong>Howuelde*)‚</strong></span> 
     </span>
     <span class='ocr_line' id='line_1_18' title="bbox 225 1920 2571 2010; baseline 0.002 -26"><span class='ocrx_word' id='word_1_111' title='bbox 225 1929 275 1985; x_wconf 86' lang='lat' dir='ltr'><strong>et</strong></span> <span class='ocrx_word' id='word_1_112' title='bbox 324 1920 429 1986; x_wconf 88' lang='lat' dir='ltr'><strong>alii</strong></span> <span class='ocrx_word' id='word_1_113' title='bbox 490 1944 689 2008; x_wconf 83' lang='lat' dir='ltr'><strong>quam</strong></span> <span class='ocrx_word' id='word_1_114' title='bbox 749 1920 969 2006; x_wconf 85' lang='lat' dir='ltr'><strong>plures</strong></span> <span class='ocrx_word' id='word_1_115' title='bbox 1019 1923 1435 2007; x_wconf 85' lang='lat' dir='ltr'><strong>juraverunt,</strong></span> <span class='ocrx_word' id='word_1_116' title='bbox 1497 1930 1816 2009; x_wconf 87' lang='lat' dir='ltr'><strong>quantum</strong></span> <span class='ocrx_word' id='word_1_117' title='bbox 1878 1923 1950 1986; x_wconf 89' lang='lat' dir='ltr'><strong>in</strong></span> <span class='ocrx_word' id='word_1_118' title='bbox 2012 1922 2107 1986; x_wconf 90' lang='lat' dir='ltr'><strong>eis</strong></span> <span class='ocrx_word' id='word_1_119' title='bbox 2154 1931 2272 2002; x_wconf 85' lang='lat' dir='ltr'><strong>est,</strong></span> <span class='ocrx_word' id='word_1_120' title='bbox 2338 1945 2571 2010; x_wconf 85' lang='lat' dir='ltr'><strong>pacem</strong></span> 
     </span>
     <span class='ocr_line' id='line_1_19' title="bbox 224 2006 2564 2097; baseline 0.002 -27"><span class='ocrx_word' id='word_1_121' title='bbox 224 2029 373 2070; x_wconf 90' lang='lat' dir='ltr'><strong>nunc</strong></span> <span class='ocrx_word' id='word_1_122' title='bbox 413 2008 656 2072; x_wconf 84' lang='lat' dir='ltr'><strong>factam</strong></span> <span class='ocrx_word' id='word_1_123' title='bbox 704 2006 989 2072; x_wconf 87' lang='lat' dir='ltr'><strong>fideliter</strong></span> <span class='ocrx_word' id='word_1_124' title='bbox 1032 2008 1387 2074; x_wconf 82' lang='lat' dir='ltr'><strong>observare</strong></span> <span class='ocrx_word' id='word_1_125' title='bbox 1448 2016 1516 2073; x_wconf 89' lang='lat' dir='ltr'><strong>et</strong></span> <span class='ocrx_word' id='word_1_126' title='bbox 1558 2028 1680 2072; x_wconf 88' lang='lat' dir='ltr'><strong>nos</strong></span> <span class='ocrx_word' id='word_1_127' title='bbox 1724 2006 2038 2097; x_wconf 78' lang='lat' dir='ltr'><strong>inducere</strong></span> <span class='ocrx_word' id='word_1_128' title='bbox 2091 2009 2292 2092; x_wconf 86' lang='lat' dir='ltr'><strong>juxta</strong></span> <span class='ocrx_word' id='word_1_129' title='bbox 2350 2031 2564 2094; x_wconf 88' lang='lat' dir='ltr'><strong>posse,</strong></span> 
     </span>
     <span class='ocr_line' id='line_1_20' title="bbox 224 2092 2570 2182; baseline 0.002 -26"><span class='ocrx_word' id='word_1_130' title='bbox 224 2092 369 2157; x_wconf 88' lang='lat' dir='ltr'><strong>bona</strong></span> <span class='ocrx_word' id='word_1_131' title='bbox 429 2093 579 2174; x_wconf 93' lang='lat' dir='ltr'><strong>fide,</strong></span> <span class='ocrx_word' id='word_1_132' title='bbox 643 2092 729 2157; x_wconf 88' lang='lat' dir='ltr'><strong>ad</strong></span> <span class='ocrx_word' id='word_1_133' title='bbox 787 2094 1111 2177; x_wconf 86' lang='lat' dir='ltr'><strong>promissa</strong></span> <span class='ocrx_word' id='word_1_134' title='bbox 1168 2101 1397 2158; x_wconf 88' lang='lat' dir='ltr'><strong>nostra</strong></span> <span class='ocrx_word' id='word_1_135' title='bbox 1455 2103 1521 2158; x_wconf 86' lang='lat' dir='ltr'><strong>et</strong></span> <span class='ocrx_word' id='word_1_136' title='bbox 1579 2114 1700 2159; x_wconf 87' lang='lat' dir='ltr'><strong>sua</strong></span> <span class='ocrx_word' id='word_1_137' title='bbox 1757 2093 2101 2169; x_wconf 86' lang='lat' dir='ltr'><strong>servanda,</strong></span> <span class='ocrx_word' id='word_1_138' title='bbox 2171 2095 2306 2160; x_wconf 86' lang='lat' dir='ltr'><strong>suis</strong></span> <span class='ocrx_word' id='word_1_139' title='bbox 2369 2116 2570 2182; x_wconf 87' lang='lat' dir='ltr'><strong>super</strong></span> 
     </span>
     <span class='ocr_line' id='line_1_21' title="bbox 223 2177 1943 2264; baseline 0.001 -23"><span class='ocrx_word' id='word_1_140' title='bbox 223 2177 325 2244; x_wconf 91' lang='lat' dir='ltr'><strong>hoc</strong></span> <span class='ocrx_word' id='word_1_141' title='bbox 363 2181 499 2264; x_wconf 85' lang='lat' dir='ltr'><strong>regi</strong></span> <span class='ocrx_word' id='word_1_142' title='bbox 543 2178 876 2264; x_wconf 85' lang='lat' dir='ltr'><strong>Ungariae</strong></span> <span class='ocrx_word' id='word_1_143' title='bbox 920 2177 1129 2245; x_wconf 85' lang='lat' dir='ltr'><strong>literis</strong></span> <span class='ocrx_word' id='word_1_144' title='bbox 1171 2178 1433 2246; x_wconf 88' lang='lat' dir='ltr'><strong>traditis</strong></span> <span class='ocrx_word' id='word_1_145' title='bbox 1478 2188 1545 2245; x_wconf 89' lang='lat' dir='ltr'><strong>et</strong></span> <span class='ocrx_word' id='word_1_146' title='bbox 1590 2181 1943 2246; x_wconf 82' lang='lat' dir='ltr'><strong>concessis.</strong></span> 
     </span>
    </p>
   </div>
   <div class='ocr_carea' id='block_1_5' title="bbox 1312 2300 1438 2365">
    <p class='ocr_par' dir='ltr' id='par_1_5' title="bbox 1312 2300 1438 2365">
     <span class='ocr_line' id='line_1_22' title="bbox 1312 2300 1438 2365; baseline 0.016 -2"><span class='ocrx_word' id='word_1_147' title='bbox 1312 2300 1438 2365; x_wconf 88' lang='lat' dir='ltr'><strong>IX.</strong></span> 
     </span>
    </p>
   </div>
   <div class='ocr_carea' id='block_1_6' title="bbox 220 2416 2574 3540">
    <p class='ocr_par' dir='ltr' id='par_1_6' title="bbox 220 2416 2574 3540">
     <span class='ocr_line' id='line_1_23' title="bbox 367 2416 2572 2510; baseline 0.002 -29"><span class='ocrx_word' id='word_1_148' title='bbox 367 2416 471 2482; x_wconf 90' lang='lat' dir='ltr'><strong>Ad</strong></span> <span class='ocrx_word' id='word_1_149' title='bbox 536 2417 701 2482; x_wconf 87' lang='lat' dir='ltr'><strong>haec</strong></span> <span class='ocrx_word' id='word_1_150' title='bbox 765 2425 837 2482; x_wconf 91' lang='lat' dir='ltr'><strong>ut</strong></span> <span class='ocrx_word' id='word_1_151' title='bbox 903 2419 1295 2484; x_wconf 84' lang='lat' dir='ltr'><strong>concordiae</strong></span> <span class='ocrx_word' id='word_1_152' title='bbox 1362 2427 1427 2484; x_wconf 86' lang='lat' dir='ltr'><strong>et</strong></span> <span class='ocrx_word' id='word_1_153' title='bbox 1493 2422 1734 2486; x_wconf 88' lang='lat' dir='ltr'><strong>amoris</strong></span> <span class='ocrx_word' id='word_1_154' title='bbox 1795 2419 2078 2486; x_wconf 90' lang='lat' dir='ltr'><strong>dulcedo</strong></span> <span class='ocrx_word' id='word_1_155' title='bbox 2139 2423 2572 2510; x_wconf 85' lang='lat' dir='ltr'><strong>interipsum</strong></span> 
     </span>
     <span class='ocr_line' id='line_1_24' title="bbox 223 2502 2574 2593; baseline 0.001 -25"><span class='ocrx_word' id='word_1_156' title='bbox 223 2525 415 2589; x_wconf 85' lang='lat' dir='ltr'><strong>regem</strong></span> <span class='ocrx_word' id='word_1_157' title='bbox 456 2502 792 2588; x_wconf 85' lang='lat' dir='ltr'><strong>Ungariae</strong></span> <span class='ocrx_word' id='word_1_158' title='bbox 836 2512 902 2570; x_wconf 89' lang='lat' dir='ltr'><strong>et</strong></span> <span class='ocrx_word' id='word_1_159' title='bbox 945 2525 1065 2570; x_wconf 84' lang='lat' dir='ltr'><strong>nos</strong></span> <span class='ocrx_word' id='word_1_160' title='bbox 1110 2508 1507 2592; x_wconf 83' lang='lat' dir='ltr'><strong>propagines</strong></span> <span class='ocrx_word' id='word_1_161' title='bbox 1554 2528 1708 2571; x_wconf 89' lang='lat' dir='ltr'><strong>suas</strong></span> <span class='ocrx_word' id='word_1_162' title='bbox 1751 2505 1952 2571; x_wconf 85' lang='lat' dir='ltr'><strong>faciat</strong></span> <span class='ocrx_word' id='word_1_163' title='bbox 1995 2505 2332 2593; x_wconf 86' lang='lat' dir='ltr'><strong>largiores,</strong></span> <span class='ocrx_word' id='word_1_164' title='bbox 2404 2507 2574 2572; x_wconf 89' lang='lat' dir='ltr'><strong>ordi·</strong></span> 
     </span>
     <span class='ocr_line' id='line_1_25' title="bbox 223 2591 2574 2678; baseline 0.001 -24"><span class='ocrx_word' id='word_1_165' title='bbox 223 2601 422 2655; x_wconf 85' lang='lat' dir='ltr'><strong>natum</strong></span> <span class='ocrx_word' id='word_1_166' title='bbox 482 2591 736 2654; x_wconf 88' lang='lat' dir='ltr'><strong>exstitit</strong></span> <span class='ocrx_word' id='word_1_167' title='bbox 792 2613 835 2655; x_wconf 89' lang='lat' dir='ltr'><strong>a</strong></span> <span class='ocrx_word' id='word_1_168' title='bbox 893 2591 1249 2675; x_wconf 86' lang='lat' dir='ltr'><strong>praedictis</strong></span> <span class='ocrx_word' id='word_1_169' title='bbox 1313 2591 1676 2658; x_wconf 83' lang='lat' dir='ltr'><strong>baronibus</strong></span> <span class='ocrx_word' id='word_1_170' title='bbox 1735 2594 1909 2678; x_wconf 85' lang='lat' dir='ltr'><strong>regis</strong></span> <span class='ocrx_word' id='word_1_171' title='bbox 1967 2593 2306 2678; x_wconf 84' lang='lat' dir='ltr'><strong>Ungariae</strong></span> <span class='ocrx_word' id='word_1_172' title='bbox 2351 2602 2417 2660; x_wconf 86' lang='lat' dir='ltr'><strong>et</strong></span> <span class='ocrx_word' id='word_1_173' title='bbox 2457 2614 2574 2657; x_wconf 88' lang='lat' dir='ltr'><strong>no-</strong></span> 
     </span>
     <span class='ocr_line' id='line_1_26' title="bbox 225 2675 2574 2766; baseline 0.002 -26"><span class='ocrx_word' id='word_1_174' title='bbox 225 2678 355 2740; x_wconf 82' lang='lat' dir='ltr'><strong>stris</strong></span> <span class='ocrx_word' id='word_1_175' title='bbox 395 2675 475 2741; x_wconf 83' lang='lat' dir='ltr'><strong>ad</strong></span> <span class='ocrx_word' id='word_1_176' title='bbox 542 2684 897 2742; x_wconf 78' lang='lat' dir='ltr'><strong>tractatum</strong></span> <span class='ocrx_word' id='word_1_177' title='bbox 963 2679 1333 2764; x_wconf 87' lang='lat' dir='ltr'><strong>praesentis</strong></span> <span class='ocrx_word' id='word_1_178' title='bbox 1400 2679 1582 2765; x_wconf 84' lang='lat' dir='ltr'><strong>pacis</strong></span> <span class='ocrx_word' id='word_1_179' title='bbox 1629 2679 2008 2765; x_wconf 86' lang='lat' dir='ltr'><strong>specialiter</strong></span> <span class='ocrx_word' id='word_1_180' title='bbox 2076 2679 2444 2766; x_wconf 80' lang='lat' dir='ltr'><strong>deputatis,</strong></span> <span class='ocrx_word' id='word_1_181' title='bbox 2500 2687 2574 2744; x_wconf 92' lang='lat' dir='ltr'><strong>ut</strong></span> 
     </span>
     <span class='ocr_line' id='line_1_27' title="bbox 224 2761 2568 2850; baseline 0.002 -25"><span class='ocrx_word' id='word_1_182' title='bbox 224 2762 375 2826; x_wconf 90' lang='lat' dir='ltr'><strong>idem</strong></span> <span class='ocrx_word' id='word_1_183' title='bbox 430 2785 549 2827; x_wconf 89' lang='lat' dir='ltr'><strong>rex</strong></span> <span class='ocrx_word' id='word_1_184' title='bbox 612 2761 943 2847; x_wconf 85' lang='lat' dir='ltr'><strong>Ungariae</strong></span> <span class='ocrx_word' id='word_1_185' title='bbox 1002 2763 1379 2849; x_wconf 85' lang='lat' dir='ltr'><strong>Philippum</strong></span> <span class='ocrx_word' id='word_1_186' title='bbox 1442 2763 1726 2830; x_wconf 89' lang='lat' dir='ltr'><strong>electum</strong></span> <span class='ocrx_word' id='word_1_187' title='bbox 1771 2764 2286 2850; x_wconf 84' lang='lat' dir='ltr'><strong>Aquilegensem</strong></span> <span class='ocrx_word' id='word_1_188' title='bbox 2334 2775 2400 2831; x_wconf 89' lang='lat' dir='ltr'><strong>et</strong></span> <span class='ocrx_word' id='word_1_189' title='bbox 2444 2787 2568 2830; x_wconf 88' lang='lat' dir='ltr'><strong>nos</strong></span> 
     </span>
     <span class='ocr_line' id='line_1_28' title="bbox 224 2848 2570 2936; baseline 0 -23"><span class='ocrx_word' id='word_1_190' title='bbox 224 2848 599 2934; x_wconf 80' lang='lat' dir='ltr'><strong>Stephanum</strong></span> <span class='ocrx_word' id='word_1_191' title='bbox 658 2848 1107 2914; x_wconf 86' lang='lat' dir='ltr'><strong>Lombardum</strong></span> <span class='ocrx_word' id='word_1_192' title='bbox 1168 2860 1473 2936; x_wconf 87' lang='lat' dir='ltr'><strong>nepotem</strong></span> <span class='ocrx_word' id='word_1_193' title='bbox 1535 2850 1933 2916; x_wconf 89' lang='lat' dir='ltr'><strong>marchionis</strong></span> <span class='ocrx_word' id='word_1_194' title='bbox 1995 2851 2301 2917; x_wconf 88' lang='lat' dir='ltr'><strong>Estensis</strong></span> <span class='ocrx_word' id='word_1_195' title='bbox 2347 2850 2570 2916; x_wconf 89' lang='lat' dir='ltr'><strong>exclu-</strong></span> 
     </span>
     <span class='ocr_line' id='line_1_29' title="bbox 226 2933 2568 3021; baseline 0.002 -25"><span class='ocrx_word' id='word_1_196' title='bbox 226 2933 355 2999; x_wconf 87' lang='lat' dir='ltr'><strong>dere</strong></span> <span class='ocrx_word' id='word_1_197' title='bbox 415 2957 455 2999; x_wconf 90' lang='lat' dir='ltr'><strong>a</strong></span> <span class='ocrx_word' id='word_1_198' title='bbox 512 2943 741 2998; x_wconf 89' lang='lat' dir='ltr'><strong>nostra</strong></span> <span class='ocrx_word' id='word_1_199' title='bbox 804 2936 1114 3000; x_wconf 85' lang='lat' dir='ltr'><strong>societate</strong></span> <span class='ocrx_word' id='word_1_200' title='bbox 1180 2945 1246 3001; x_wconf 90' lang='lat' dir='ltr'><strong>et</strong></span> <span class='ocrx_word' id='word_1_201' title='bbox 1307 2937 1601 3002; x_wconf 87' lang='lat' dir='ltr'><strong>amicitia</strong></span> <span class='ocrx_word' id='word_1_202' title='bbox 1661 2936 2068 3002; x_wconf 88' lang='lat' dir='ltr'><strong>deberemus.</strong></span> <span class='ocrx_word' id='word_1_203' title='bbox 2160 2937 2297 3001; x_wconf 89' lang='lat' dir='ltr'><strong>Nos</strong></span> <span class='ocrx_word' id='word_1_204' title='bbox 2343 2938 2568 3021; x_wconf 87' lang='lat' dir='ltr'><strong>itaque</strong></span> 
     </span>
     <span class='ocr_line' id='line_1_30' title="bbox 220 3018 2571 3108; baseline 0.001 -25"><span class='ocrx_word' id='word_1_205' title='bbox 220 3018 380 3104; x_wconf 83' lang='lat' dir='ltr'><strong>juxta</strong></span> <span class='ocrx_word' id='word_1_206' title='bbox 419 3019 734 3106; x_wconf 84' lang='lat' dir='ltr'><strong>placitum</strong></span> <span class='ocrx_word' id='word_1_207' title='bbox 780 3028 846 3086; x_wconf 90' lang='lat' dir='ltr'><strong>et</strong></span> <span class='ocrx_word' id='word_1_208' title='bbox 892 3021 1369 3088; x_wconf 88' lang='lat' dir='ltr'><strong>ordinationem</strong></span> <span class='ocrx_word' id='word_1_209' title='bbox 1415 3021 1737 3087; x_wconf 88' lang='lat' dir='ltr'><strong>baronum</strong></span> <span class='ocrx_word' id='word_1_210' title='bbox 1782 3031 2154 3087; x_wconf 87' lang='lat' dir='ltr'><strong>nostrorum</strong></span> <span class='ocrx_word' id='word_1_211' title='bbox 2165 3024 2571 3108; x_wconf 65' lang='lat' dir='ltr'><strong>,juramento</strong></span> 
     </span>
     <span class='ocr_line' id='line_1_31' title="bbox 224 3105 2570 3174; baseline 0.002 -6"><span class='ocrx_word' id='word_1_212' title='bbox 224 3105 450 3170; x_wconf 84' lang='lat' dir='ltr'><strong>firmata</strong></span> <span class='ocrx_word' id='word_1_213' title='bbox 502 3105 917 3173; x_wconf 86' lang='lat' dir='ltr'><strong>excludimus</strong></span> <span class='ocrx_word' id='word_1_214' title='bbox 975 3116 1041 3173; x_wconf 88' lang='lat' dir='ltr'><strong>et</strong></span> <span class='ocrx_word' id='word_1_215' title='bbox 1096 3108 1501 3174; x_wconf 84' lang='lat' dir='ltr'><strong>exclusimus</strong></span> <span class='ocrx_word' id='word_1_216' title='bbox 1560 3133 1602 3174; x_wconf 86' lang='lat' dir='ltr'><strong>a</strong></span> <span class='ocrx_word' id='word_1_217' title='bbox 1662 3117 1890 3173; x_wconf 90' lang='lat' dir='ltr'><strong>nostra</strong></span> <span class='ocrx_word' id='word_1_218' title='bbox 1936 3110 2248 3173; x_wconf 87' lang='lat' dir='ltr'><strong>societate</strong></span> <span class='ocrx_word' id='word_1_219' title='bbox 2295 3118 2360 3174; x_wconf 86' lang='lat' dir='ltr'><strong>et</strong></span> <span class='ocrx_word' id='word_1_220' title='bbox 2406 3109 2570 3173; x_wconf 89' lang='lat' dir='ltr'><strong>ami-</strong></span> 
     </span>
     <span class='ocr_line' id='line_1_32' title="bbox 226 3191 2567 3281; baseline 0.002 -27"><span class='ocrx_word' id='word_1_221' title='bbox 226 3191 359 3256; x_wconf 89' lang='lat' dir='ltr'><strong>citia</strong></span> <span class='ocrx_word' id='word_1_222' title='bbox 409 3193 803 3259; x_wconf 87' lang='lat' dir='ltr'><strong>omnimodis</strong></span> <span class='ocrx_word' id='word_1_223' title='bbox 868 3193 1154 3270; x_wconf 88' lang='lat' dir='ltr'><strong>eundem</strong></span> <span class='ocrx_word' id='word_1_224' title='bbox 1215 3194 1644 3280; x_wconf 85' lang='lat' dir='ltr'><strong>Stephanum,</strong></span> <span class='ocrx_word' id='word_1_225' title='bbox 1709 3195 2158 3281; x_wconf 89' lang='lat' dir='ltr'><strong>promittentes</strong></span> <span class='ocrx_word' id='word_1_226' title='bbox 2221 3216 2372 3258; x_wconf 89' lang='lat' dir='ltr'><strong>eum</strong></span> <span class='ocrx_word' id='word_1_227' title='bbox 2433 3215 2567 3259; x_wconf 89' lang='lat' dir='ltr'><strong>non</strong></span> 
     </span>
     <span class='ocr_line' id='line_1_33' title="bbox 224 3279 2568 3365; baseline 0.001 -25"><span class='ocrx_word' id='word_1_228' title='bbox 224 3287 525 3365; x_wconf 80' lang='lat' dir='ltr'><strong>receptare</strong></span> <span class='ocrx_word' id='word_1_229' title='bbox 569 3300 695 3344; x_wconf 90' lang='lat' dir='ltr'><strong>nec</strong></span> <span class='ocrx_word' id='word_1_230' title='bbox 739 3279 959 3346; x_wconf 84' lang='lat' dir='ltr'><strong>fovere</strong></span> <span class='ocrx_word' id='word_1_231' title='bbox 1003 3284 1073 3344; x_wconf 89' lang='lat' dir='ltr'><strong>in</strong></span> <span class='ocrx_word' id='word_1_232' title='bbox 1112 3283 1352 3345; x_wconf 87' lang='lat' dir='ltr'><strong>nostris</strong></span> <span class='ocrx_word' id='word_1_233' title='bbox 1397 3289 1462 3346; x_wconf 90' lang='lat' dir='ltr'><strong>et</strong></span> <span class='ocrx_word' id='word_1_234' title='bbox 1505 3281 1863 3346; x_wconf 84' lang='lat' dir='ltr'><strong>amicorum</strong></span> <span class='ocrx_word' id='word_1_235' title='bbox 1912 3285 2280 3345; x_wconf 88' lang='lat' dir='ltr'><strong>nostrorum</strong></span> <span class='ocrx_word' id='word_1_236' title='bbox 2322 3279 2568 3345; x_wconf 87' lang='lat' dir='ltr'><strong>finibus</strong></span> 
     </span>
     <span class='ocr_line' id='line_1_34' title="bbox 226 3365 2568 3451; baseline 0.001 -25"><span class='ocrx_word' id='word_1_237' title='bbox 226 3365 343 3428; x_wconf 86' lang='lat' dir='ltr'><strong>sive</strong></span> <span class='ocrx_word' id='word_1_238' title='bbox 380 3367 588 3447; x_wconf 81' lang='lat' dir='ltr'><strong>terris,</strong></span> <span class='ocrx_word' id='word_1_239' title='bbox 636 3365 753 3430; x_wconf 88' lang='lat' dir='ltr'><strong>sed</strong></span> <span class='ocrx_word' id='word_1_240' title='bbox 798 3365 1151 3431; x_wconf 87' lang='lat' dir='ltr'><strong>excludere</strong></span> <span class='ocrx_word' id='word_1_241' title='bbox 1196 3376 1263 3433; x_wconf 90' lang='lat' dir='ltr'><strong>et</strong></span> <span class='ocrx_word' id='word_1_242' title='bbox 1306 3365 1572 3432; x_wconf 89' lang='lat' dir='ltr'><strong>excludi</strong></span> <span class='ocrx_word' id='word_1_243' title='bbox 1619 3366 1836 3432; x_wconf 85' lang='lat' dir='ltr'><strong>facere</strong></span> <span class='ocrx_word' id='word_1_244' title='bbox 1859 3367 2125 3451; x_wconf 47' lang='lat' dir='ltr'><strong>penitus.</strong></span> <span class='ocrx_word' id='word_1_245' title='bbox 2170 3365 2253 3430; x_wconf 90' lang='lat' dir='ltr'><strong>de</strong></span> <span class='ocrx_word' id='word_1_246' title='bbox 2297 3365 2568 3448; x_wconf 87' lang='lat' dir='ltr'><strong>eisdem,</strong></span> 
     </span>
     <span class='ocr_line' id='line_1_35' title="bbox 227 3450 2570 3540; baseline 0.003 -29"><span class='ocrx_word' id='word_1_247' title='bbox 227 3469 351 3514; x_wconf 90' lang='lat' dir='ltr'><strong>cum</strong></span> <span class='ocrx_word' id='word_1_248' title='bbox 401 3473 519 3518; x_wconf 89' lang='lat' dir='ltr'><strong>rex</strong></span> <span class='ocrx_word' id='word_1_249' title='bbox 576 3450 912 3538; x_wconf 83' lang='lat' dir='ltr'><strong>Ungariae</strong></span> <span class='ocrx_word' id='word_1_250' title='bbox 971 3452 1352 3540; x_wconf 87' lang='lat' dir='ltr'><strong>Philippum</strong></span> <span class='ocrx_word' id='word_1_251' title='bbox 1410 3452 1692 3519; x_wconf 89' lang='lat' dir='ltr'><strong>electum</strong></span> <span class='ocrx_word' id='word_1_252' title='bbox 1740 3452 2041 3518; x_wconf 89' lang='lat' dir='ltr'><strong>similiter</strong></span> <span class='ocrx_word' id='word_1_253' title='bbox 2084 3451 2440 3518; x_wconf 89' lang='lat' dir='ltr'><strong>excluserit</strong></span> <span class='ocrx_word' id='word_1_254' title='bbox 2485 3450 2570 3520; x_wconf 89' lang='lat' dir='ltr'><strong>de</strong></span> 
     </span>
    </p>
   </div>
   <div class='ocr_carea' id='block_1_7' title="bbox 228 3623 605 3636">
    <p class='ocr_par' dir='ltr' id='par_1_7' title="bbox 228 3623 605 3636">
     <span class='ocr_line' id='line_1_36' title="bbox 228 3623 605 3636; baseline 0 1381"><span class='ocrx_word' id='word_1_255' title='bbox 228 3623 605 3636; x_wconf 95' lang='lat' dir='ltr'><strong> </strong></span> 
     </span>
    </p>
   </div>
   <div class='ocr_carea' id='block_1_8' title="bbox 320 3707 2570 4398">
    <p class='ocr_par' dir='ltr' id='par_1_8' title="bbox 320 3707 2570 4398">
     <span class='ocr_line' id='line_1_37' title="bbox 320 3707 2569 3834; baseline 0.001 -74"><span class='ocrx_word' id='word_1_256' title='bbox 320 3707 368 3774; x_wconf 61' lang='lat'><strong>*)</strong></span> <span class='ocrx_word' id='word_1_257' title='bbox 400 3711 481 3760; x_wconf 86' lang='lat' dir='ltr'><strong>Ex</strong></span> <span class='ocrx_word' id='word_1_258' title='bbox 514 3716 669 3832; x_wconf 57' lang='lat' dir='ltr'><strong>pax-ge</strong></span> <span class='ocrx_word' id='word_1_259' title='bbox 702 3713 842 3795; x_wconf 70' lang='lat' dir='ltr'><strong>regis</strong></span> <span class='ocrx_word' id='word_1_260' title='bbox 876 3710 1151 3831; x_wconf 48' lang='lat' dir='ltr'><strong>Ungargae</strong></span> <span class='ocrx_word' id='word_1_261' title='bbox 1174 3712 1412 3832; x_wconf 49' lang='grc' dir='ltr'><strong>ἐπαῖξαι</strong></span> <span class='ocrx_word' id='word_1_262' title='bbox 1446 3711 1505 3762; x_wconf 87' lang='lat' dir='ltr'><strong>hi</strong></span> <span class='ocrx_word' id='word_1_263' title='bbox 1538 3713 1910 3834; x_wconf 47' lang='lat' dir='ltr'><strong>nomirssntgr:</strong></span> <span class='ocrx_word' id='word_1_264' title='bbox 1963 3712 2102 3764; x_wconf 79' lang='lat' dir='ltr'><strong>Meis</strong></span> <span class='ocrx_word' id='word_1_265' title='bbox 2150 3712 2340 3778; x_wconf 80' lang='lat' dir='ltr'><strong>palatii</strong></span> <span class='ocrx_word' id='word_1_266' title='bbox 2372 3725 2569 3794; x_wconf 63' lang='lat' dir='ltr'><strong>comes,</strong></span> 
     </span>
     <span class='ocr_line' id='line_1_38' title="bbox 400 3793 2568 3916; baseline -0.001 -17"><span class='ocrx_word' id='word_1_267' title='bbox 400 3795 575 3899; x_wconf 61' lang='lat' dir='ltr'><strong>‘m&#39;</strong></span> <span class='ocrx_word' id='word_1_268' title='bbox 593 3795 1007 3916; x_wconf 59' lang='lat'><strong>10353¹²¹0⁰323¹5⁸</strong></span> <span class='ocrx_word' id='word_1_269' title='bbox 1027 3796 2209 3916; x_wconf 55' lang='lat' dir='ltr'><strong>‘’233131&#39;211235‘32223‘32211?bffssuiutssffl&#39;</strong></span> <span class='ocrx_word' id='word_1_270' title='bbox 2223 3793 2568 3912; x_wconf 57' lang='grc' dir='ltr'><strong>εᾝῗὲἔξῗὲῗ</strong></span> 
     </span>
     <span class='ocr_line' id='line_1_39' title="bbox 400 3917 2570 3984; baseline 0 -17"><span class='ocrx_word' id='word_1_271' title='bbox 400 3917 647 3968; x_wconf 79' lang='lat' dir='ltr'><strong>Matheus</strong></span> <span class='ocrx_word' id='word_1_272' title='bbox 698 3919 971 3984; x_wconf 79' lang='lat' dir='ltr'><strong>woywoda</strong></span> <span class='ocrx_word' id='word_1_273' title='bbox 1028 3919 1439 3970; x_wconf 78' lang='lat' dir='ltr'><strong>Transsilvanus</strong></span> <span class='ocrx_word' id='word_1_274' title='bbox 1487 3923 1541 3970; x_wconf 84' lang='lat' dir='ltr'><strong>et</strong></span> <span class='ocrx_word' id='word_1_275' title='bbox 1587 3934 1763 3970; x_wconf 87' lang='lat' dir='ltr'><strong>comes</strong></span> <span class='ocrx_word' id='word_1_276' title='bbox 1815 3919 1882 3970; x_wconf 89' lang='lat' dir='ltr'><strong>de</strong></span> <span class='ocrx_word' id='word_1_277' title='bbox 1936 3919 2114 3970; x_wconf 83' lang='lat' dir='ltr'><strong>Sonuz</strong></span> <span class='ocrx_word' id='word_1_278' title='bbox 2163 3923 2216 3970; x_wconf 90' lang='lat' dir='ltr'><strong>et</strong></span> <span class='ocrx_word' id='word_1_279' title='bbox 2251 3918 2570 3970; x_wconf 81' lang='lat' dir='ltr'><strong>Laurentius</strong></span> 
     </span>
     <span class='ocr_line' id='line_1_40' title="bbox 402 3985 2568 4052; baseline 0 -16"><span class='ocrx_word' id='word_1_280' title='bbox 402 3985 572 4036; x_wconf 82' lang='lat' dir='ltr'><strong>banus</strong></span> <span class='ocrx_word' id='word_1_281' title='bbox 608 3987 673 4038; x_wconf 86' lang='lat' dir='ltr'><strong>de</strong></span> <span class='ocrx_word' id='word_1_282' title='bbox 708 3989 938 4038; x_wconf 84' lang='lat' dir='ltr'><strong>Zeurino</strong></span> <span class='ocrx_word' id='word_1_283' title='bbox 975 3991 1027 4037; x_wconf 89' lang='lat' dir='ltr'><strong>et</strong></span> <span class='ocrx_word' id='word_1_284' title='bbox 1062 4003 1239 4039; x_wconf 88' lang='lat' dir='ltr'><strong>comes</strong></span> <span class='ocrx_word' id='word_1_285' title='bbox 1274 3989 1338 4039; x_wconf 88' lang='lat' dir='ltr'><strong>de</strong></span> <span class='ocrx_word' id='word_1_286' title='bbox 1372 3987 1620 4051; x_wconf 80' lang='lat' dir='ltr'><strong>Doboka‚</strong></span> <span class='ocrx_word' id='word_1_287' title='bbox 1685 3987 1960 4039; x_wconf 78' lang='lat' dir='ltr'><strong>Rolandus</strong></span> <span class='ocrx_word' id='word_1_288' title='bbox 1995 3988 2185 4052; x_wconf 87' lang='lat' dir='ltr'><strong>banus,</strong></span> <span class='ocrx_word' id='word_1_289' title='bbox 2233 3989 2420 4038; x_wconf 87' lang='lat' dir='ltr'><strong>Petrus</strong></span> <span class='ocrx_word' id='word_1_290' title='bbox 2455 4002 2568 4037; x_wconf 83' lang='lat' dir='ltr'><strong>ma-</strong></span> 
     </span>
     <span class='ocr_line' id='line_1_41' title="bbox 407 4055 2567 4122; baseline -0.001 -16"><span class='ocrx_word' id='word_1_291' title='bbox 407 4057 565 4120; x_wconf 79' lang='lat' dir='ltr'><strong>gister</strong></span> <span class='ocrx_word' id='word_1_292' title='bbox 600 4057 976 4122; x_wconf 71' lang='lat' dir='ltr'><strong>dapifer-orum,</strong></span> <span class='ocrx_word' id='word_1_293' title='bbox 1013 4071 1191 4107; x_wconf 83' lang='lat' dir='ltr'><strong>comes</strong></span> <span class='ocrx_word' id='word_1_294' title='bbox 1226 4055 1291 4108; x_wconf 89' lang='lat' dir='ltr'><strong>de</strong></span> <span class='ocrx_word' id='word_1_295' title='bbox 1326 4057 1531 4120; x_wconf 83' lang='lat' dir='ltr'><strong>Sweke,</strong></span> <span class='ocrx_word' id='word_1_296' title='bbox 1566 4057 1816 4109; x_wconf 82' lang='lat' dir='ltr'><strong>Albertus</strong></span> <span class='ocrx_word' id='word_1_297' title='bbox 1853 4058 2108 4122; x_wconf 80' lang='lat' dir='ltr'><strong>magister</strong></span> <span class='ocrx_word' id='word_1_298' title='bbox 2126 4071 2445 4122; x_wconf 69' lang='lat' dir='ltr'><strong>agasonum,</strong></span> <span class='ocrx_word' id='word_1_299' title='bbox 2481 4070 2567 4105; x_wconf 89' lang='lat' dir='ltr'><strong>co-</strong></span> 
     </span>
     <span class='ocr_line' id='line_1_42' title="bbox 409 4125 2570 4194; baseline 0.001 -22"><span class='ocrx_word' id='word_1_300' title='bbox 409 4139 516 4174; x_wconf 86' lang='lat' dir='ltr'><strong>mes</strong></span> <span class='ocrx_word' id='word_1_301' title='bbox 550 4125 915 4193; x_wconf 82' lang='lat' dir='ltr'><strong>Szibiniensis,</strong></span> <span class='ocrx_word' id='word_1_302' title='bbox 952 4125 1233 4192; x_wconf 85' lang='lat' dir='ltr'><strong>Philippus</strong></span> <span class='ocrx_word' id='word_1_303' title='bbox 1268 4129 1519 4194; x_wconf 83' lang='lat' dir='ltr'><strong>magister</strong></span> <span class='ocrx_word' id='word_1_304' title='bbox 1546 4128 1938 4192; x_wconf 80' lang='lat' dir='ltr'><strong>pincernarum,</strong></span> <span class='ocrx_word' id='word_1_305' title='bbox 1973 4127 2225 4177; x_wconf 84' lang='lat' dir='ltr'><strong>Emerius</strong></span> <span class='ocrx_word' id='word_1_306' title='bbox 2259 4126 2447 4187; x_wconf 81' lang='lat' dir='ltr'><strong>banus,</strong></span> <span class='ocrx_word' id='word_1_307' title='bbox 2482 4139 2570 4175; x_wconf 91' lang='lat' dir='ltr'><strong>co·</strong></span> 
     </span>
     <span class='ocr_line' id='line_1_43' title="bbox 413 4193 2570 4261; baseline 0.001 -20"><span class='ocrx_word' id='word_1_308' title='bbox 413 4207 517 4242; x_wconf 87' lang='lat' dir='ltr'><strong>mes</strong></span> <span class='ocrx_word' id='word_1_309' title='bbox 570 4194 981 4261; x_wconf 83' lang='lat' dir='ltr'><strong>Worosdiensis,</strong></span> <span class='ocrx_word' id='word_1_310' title='bbox 1030 4196 1237 4247; x_wconf 80' lang='lat' dir='ltr'><strong>Porach</strong></span> <span class='ocrx_word' id='word_1_311' title='bbox 1273 4197 1461 4258; x_wconf 84' lang='lat' dir='ltr'><strong>banus,</strong></span> <span class='ocrx_word' id='word_1_312' title='bbox 1514 4211 1691 4246; x_wconf 87' lang='lat' dir='ltr'><strong>comes</strong></span> <span class='ocrx_word' id='word_1_313' title='bbox 1727 4195 2079 4260; x_wconf 80' lang='lat' dir='ltr'><strong>Zaladiensis,</strong></span> <span class='ocrx_word' id='word_1_314' title='bbox 2126 4193 2356 4245; x_wconf 85' lang='lat' dir='ltr'><strong>Michael</strong></span> <span class='ocrx_word' id='word_1_315' title='bbox 2391 4208 2570 4244; x_wconf 86' lang='lat' dir='ltr'><strong>comes</strong></span> 
     </span>
     <span class='ocr_line' id='line_1_44' title="bbox 416 4259 2569 4330; baseline 0 -20"><span class='ocrx_word' id='word_1_316' title='bbox 416 4259 709 4329; x_wconf 77' lang='lat' dir='ltr'><strong>Nitriensis,</strong></span> <span class='ocrx_word' id='word_1_317' title='bbox 744 4263 950 4314; x_wconf 88' lang='lat' dir='ltr'><strong>Paulus</strong></span> <span class='ocrx_word' id='word_1_318' title='bbox 986 4264 1177 4328; x_wconf 84' lang='lat' dir='ltr'><strong>banus,</strong></span> <span class='ocrx_word' id='word_1_319' title='bbox 1212 4281 1388 4316; x_wconf 84' lang='lat' dir='ltr'><strong>comes</strong></span> <span class='ocrx_word' id='word_1_320' title='bbox 1422 4265 1754 4330; x_wconf 83' lang='lat' dir='ltr'><strong>Bachiensis,</strong></span> <span class='ocrx_word' id='word_1_321' title='bbox 1810 4264 2107 4329; x_wconf 82' lang='lat' dir='ltr'><strong>Dionysius</strong></span> <span class='ocrx_word' id='word_1_322' title='bbox 2142 4278 2317 4314; x_wconf 89' lang='lat' dir='ltr'><strong>comes</strong></span> <span class='ocrx_word' id='word_1_323' title='bbox 2355 4261 2420 4312; x_wconf 84' lang='lat' dir='ltr'><strong>de</strong></span> <span class='ocrx_word' id='word_1_324' title='bbox 2453 4263 2569 4312; x_wconf 87' lang='lat' dir='ltr'><strong>Mo-</strong></span> 
     </span>
     <span class='ocr_line' id='line_1_45' title="bbox 418 4329 2568 4398; baseline 0.001 -21"><span class='ocrx_word' id='word_1_325' title='bbox 418 4329 585 4392; x_wconf 80' lang='lat' dir='ltr'><strong>rocha‚</strong></span> <span class='ocrx_word' id='word_1_326' title='bbox 648 4334 904 4398; x_wconf 81' lang='lat' dir='ltr'><strong>magister</strong></span> <span class='ocrx_word' id='word_1_327' title='bbox 939 4333 1179 4386; x_wconf 79' lang='lat' dir='ltr'><strong>Andreas</strong></span> <span class='ocrx_word' id='word_1_328' title='bbox 1214 4349 1392 4386; x_wconf 87' lang='lat' dir='ltr'><strong>comes</strong></span> <span class='ocrx_word' id='word_1_329' title='bbox 1428 4333 1492 4384; x_wconf 85' lang='lat' dir='ltr'><strong>de</strong></span> <span class='ocrx_word' id='word_1_330' title='bbox 1528 4333 1742 4385; x_wconf 85' lang='lat' dir='ltr'><strong>Reuche</strong></span> <span class='ocrx_word' id='word_1_331' title='bbox 1777 4337 1832 4384; x_wconf 86' lang='lat' dir='ltr'><strong>et</strong></span> <span class='ocrx_word' id='word_1_332' title='bbox 1865 4334 2054 4384; x_wconf 85' lang='lat' dir='ltr'><strong>Petrus</strong></span> <span class='ocrx_word' id='word_1_333' title='bbox 2091 4347 2267 4384; x_wconf 88' lang='lat' dir='ltr'><strong>comes</strong></span> <span class='ocrx_word' id='word_1_334' title='bbox 2303 4331 2368 4383; x_wconf 83' lang='lat' dir='ltr'><strong>de</strong></span> <span class='ocrx_word' id='word_1_335' title='bbox 2402 4332 2568 4381; x_wconf 86' lang='lat' dir='ltr'><strong>Zana.</strong></span> 
     </span>
    </p>
   </div>
   <div class='ocr_carea' id='block_1_9' title="bbox 2038 4401 2156 4464">
    <p class='ocr_par' dir='ltr' id='par_1_9' title="bbox 2038 4401 2156 4464">
     <span class='ocr_line' id='line_1_46' title="bbox 2038 4401 2156 4464; baseline 0 0"><span class='ocrx_word' id='word_1_336' title='bbox 2038 4401 2156 4464; x_wconf 83' lang='lat'><strong>12*</strong></span> 
     </span>
    </p>
   </div>
  </div>
 </body>
</html>
