3150 5017
549 481 682 564 hat,
725 479 1122 568 ubicumque
1139 525 1150 530 -
1167 482 1468 565 voluerit,
1513 490 1690 568 post·

549 591 748 658 quam
793 568 919 634 sibi
967 570 1292 654 justitiam
1353 567 1687 634 contradi·-

1701 307 1961 375 96...

1794 491 2037 548 extune
2078 479 2285 545 libere
2328 479 2419 546 ad
2460 480 2726 570 aliquod
2740 479 2913 568 judi-

1794 569 1965 634 cium
2012 565 2391 655 appellabit,
2416 579 2763 656 postquam
2796 566 2911 634 sibi

551 657 804 739 x‘erint3
851 655 931 721 de
975 655 1310 743 praedicta
1339 665 1557 722 autem
1582 676 1687 741 pe·
1782 656 2053 742 justicia
2068 654 2265 720 fuerit
2281 653 2619 742 denegata3
2642 655 2725 722 de
2739 676 2915 742 prae-

545 745 746 808 cunia
769 743 939 807 duae
961 752 1178 830 partes
1201 765 1276 810 ce
1287 746 1446 811 dent
1457 741 1689 830 judici,
1794 741 1970 809 dicta
2014 750 2231 808 autem
2276 745 2563 827 pecunia
2580 742 2751 808 duae
2782 763 2916 844 par-

548 831 740 896 tertia
774 831 1038 916 juratis.

719 1003 877 1068 XX.
966 1003 1309 1085 Volumus,
1395 1009 1472 1066 ut
1531 998 1683 1064 nul-

413 1146 420 1153 .
547 1090 652 1156 lus
711 1111 934 1155 coram
1009 1091 1228 1176 aliquo
1287 1089 1534 1176 iudicio
1604 1086 1687 1150 de

548 1177 876 1264 aliquibus
907 1179 1120 1243 causis
1141 1179 1426 1242 incusari
1457 1175 1686 1262 possit,

549 1285 745 1350 quam
791 1263 874 1328 de
915 1265 1148 1329 tribus.
1458 1289 1470 1296 ·

720 1351 934 1416 XXI..
961 1355 1018 1433 ἓ.
1050 1353 1104 1417 1.
1129 1349 1200 1416 Si
1227 1351 1376 1437 quis
1399 1349 1687 1435 aliquem

546 1437 879 1502 hominem
901 1439 992 1520 ⁴in
1016 1438 1266 1518 judicio
1311 1458 1430 1524 pro
1450 1434 1687 1499 debitis

438 1536 444 1541 '
551 1526 688 1590 suis
733 1523 1091 1589 obtinuerit
1149 1532 1216 1588 et
1239 1524 1393 1588 'non
1438 1521 1689 1586 habens

547 1611 725 1676 unde
770 1611 1001 1687 solvat,
1051 1619 1120 1675 et
1164 1611 1221 1674 si
1266 1608 1552 1675 creditor
1586 1627 1689 1672 ca·

543 1719 689 1762 rere
735 1697 1051 1761 noluerit:
1096 1695 1312 1782 judex
1371 1717 1522 1763 eum
1582 1694 1689 1758 cui

549 1783 802 1849 solvere
845 1791 1120 1866 tenetur,
1165 1803 1368 1848 manu
1421 1781 1689 1869 propria

549 1869 855 1936 creditori
899 1870 1144 1950 tradat3
1191 1879 1260 1936 et
1305 1871 1400 1935 sic
1435 1865 1688 1936 tenebit

547 1977 696 2023 eum
742 1977 868 2021 nec
909 1959 979 2022 in
1025 1957 1266 2043 frigore
1309 1977 1434 2022 nec
1479 1957 1547 2020 in
1579 1975 1686 2018 ca-

545 2043 702 2125 lore,
749 2043 866 2109 sed
909 2043 1082 2109 ferro
1106 2044 1422 2126 manuali,
1449 2050 1518 2108 et
1542 2063 1687 2128 pas·

547 2135 670 2197 cet·
707 2150 856 2197 eum
930 2141 1166 2219 quarta
1219 2141 1407 2218 parte
1475 2128 1687 2216 panis,

545 2220 661 2306 qui
706 2226 963 2304 emptus
1009 2227 1110 2283 est
1154 2217 1597 2304 pr0.denari0‚
1622 2221 1689 2278 et

545 2306 694 2370 ciffo
711 2325 936 2390 aquae.
983 2309 1042 2386 ξ.
1088 2305 1148 2368 2.
1197 2303 1268 2368 Si
1288 2324 1444 2369 vero
1461 2300 1686 2365 furtim

544 2391 871 2476 effugerit,
919 2413 1005 2455 ex
1045 2400 1204 2456 tunc
1220 2389 1502 2456 creditor
1543 2385 1688 2451 ubi·

545 2497 826 2563 cumque
882 2478 1098 2564 ipsum
1161 2477 1474 2564 rapuerit,
1537 2495 1687 2538 cum

547 2566 716 2630 scitu
765 2561 1014 2650 judicis
1071 2566 1289 2651 ipsum
1351 2562 1684 2648 captivum

544 2649 811 2716 tenebit.

718 2736 943 2802 XXII.
980 2737 1148 2802 Item
1163 2735 1486 2818 volumus,
1504 2731 1683 2822 quod

544 2822 676 2889 duo
719 2823 956 2890 fratres
980 2845 1113 2889 non
1139 2825 1392 2912 possint
1415 2843 1558 2888 esse
1571 2821 1679 2906 ju-

543 2913 672 2976 rati
717 2910 932 2994 simul,
991 2932 1115 2977 nec
1174 2919 1361 2998 pater
1403 2919 1470 2976 et
1509 2907 1685 2972 filius

545 2998 774 3078 simu13
822 3019 946 3063 nec
989 2997 1190 3063 frater
1239 2997 1426 3062 fratri
1469 2997 1540 3061 in
1585 3003 1681 3059 te·

543 3087 849 3151 stimonio
871 3083 1128 3161 astabit,
1159 3105 1282 3150 nec
1303 3082 1478 3148 filius
1509 3080 1683 3168 patri

546 3193 664 3237 suo
710 3181 924 3236 astare
969 3173 1243 3258 poterit,
1299 3191 1428 3235 nec
1449 3169 1683 3234 ‘etiam

543 3267 733 3344 pater
779 3279 897 3322 suo
939 3258 1074 3322 filio
1120 3257 1379 3323 astabit.

717 3345 976 3410 XXIII.
1023 3343 1092 3409 Si
1123 3344 1361 3431 aliquis
1393 3361 1675 3429 conque-

545 3431 684 3497 stus
729 3432 926 3496 fuerit
970 3452 1186 3495 coram
1241 3430 1496 3515 judicio
1538 3447 1675 3492 non

543 3519 665 3584 sub
713 3526 887 3584 recto
912 3519 1176 3582 nomine
1200 3514 1681 3603 respondentis,

541 3605 946 3693 respondens
1031 3613 1248 3668 autem
1337 3610 1683 3690 propterea

543 3693 810 3758 liberari
853 3711 989 3756 non
1034 3698 1267 3778 potest,
1308 3691 1422 3755 sed
1468 3688 1678 3775 prolo-

545 3789 732 3846 cutor
754 3799 1006 3867 poenae
1031 3775 1394 3862 subjacebit
1423 3775 1679 3856 minori,

548 3866 800 3932 scilicet
841 3865 979 3930 XII
1024 3863 1462 3929 denariorum.

719 4037 972 4103 XXIV.
1035 4042 1100 4121 ξ.
1151 4038 1207 4100 1.
1254 4036 1323 4102 Si
1370 4037 1514 4122 quis
1559 4056 1679 4121 pro

543 4123 764 4210 aliqua
778 4145 977 4190 causa
992 4125 1302 4210 praeconi
1357 4130 1679 4189 raesenta·

425 4209 432 4215 ’
543 4221 650 4277 tus
696 4209 894 4276 fuerit
937 4211 1045 4276 vel
1091 4230 1208 4275 suo
1233 4211 1314 4276 de
1364 4212 1534 4290 itori,
1563 4231 1676 4274 ne-

543 4299 705 4364 mini
750 4293 964 4364 medio
993 4305 1287 4382 tempore
1311 4318 1430 4383 pro
1459 4295 1681 4382 aliqua

1790 838 1890 894 tes
1958 828 2193 895 cedent
2246 827 2481 914 judici,
2566 831 2761 896 tertia
2816 849 2915 915 Ju-

1784 917 1975 982 ratis.
2934 951 2939 956 ·

1962 1003 2119 1067 XX.
2153 1002 2255 1066 De
2272 1023 2531 1068 numero
2566 1023 2917 1068 causarum.

1792 1089 2131 1170 Volumus,
2178 1097 2251 1152 ut
2294 1088 2513 1156 nullus
2558 1111 2781 1156 coram
2812 1087 2919 1154 ali-

1792 1197 1919 1262 quo
1955 1175 2209 1263 judicio
2256 1175 2337 1240 de
2384 1176 2685 1263 pluribus
2712 1175 2919 1240 causis

1789 1264 2077 1329 incusari
2166 1263 2327 1327 ossit
2356 1285 2553 1350 quam
2576 1262 2661 1328 de
2690 1263 2917 1328 tribus.
2997 1271 3001 1273 ’

1962 1350 2101 1414 XX
2139 1398 2155 1414 .
2226 1353 2325 1416 De
2384 1349 2677 1415 debitore.
2764 1353 2825 1432 ἓ.
2872 1349 2920 1410 1.

1792 1437 1863 1504 Si
1894 1439 2039 1523 quis
2070 1437 2275 1503 alium
2298 1438 2367 1502 in
2388 1438 2641 1523 judicio
2667 1458 2791 1523 pro
2818 1436 2919 1500 de-

1790 1524 1945 1590 bitis
2006 1524 2143 1589 suis
2188 1525 2559 1605 detinuerit,
2605 1545 2741 1590 non
2788 1521 2914 1605 ‘hs-

1789 1611 2072 1694 bentem,
2136 1614 2317 1678 uude
2358 1609 2607 1676 solvat:
2668 1611 2726 1674 si
2792 1629 2919 1672 cre-

1792 1699 1964 1764 ditor
2040 1719 2263 1764 carere
2328 1696 2631 1779 noluerit,
2714 1693 2924 1782 judex

1792 1784 2152 1850 debitorem
2210 1807 2410 1850 manu
2474 1783 2747 1870 propria
2792 1803 2923 1847 cre-

1791 1872 1985 1937 ditori
2029 1871 2263 1954 tradat,
2310 1893 2503 1958 quem
2526 1868 2783 1934 tenebit
2806 1889 2921 1932 nec

1789 1961 1860 2023 in
1904 1959 2147 2044 frigore
2198 1979 2323 2023 nec
2382 1953 2453 2022 i'n
2512 1956 2733 2021 calore
2798 1955 2919 2019 dis·-

1789 2055 2189 2133 pemperato,
2236 2043 2354 2110 sed
2396 2043 2569 2108 ferro
2608 2040 2918 2120 manuali,

1790 2141 1857 2198 et
1900 2140 2124 2219 pascet
2168 2153 2316 2197 eum
2342 2137 2575 2218 quarta
2604 2137 2795 2216 parte
2820 2149 2922 2215 pa-

1790 2221 1893 2284 nis
1938 2220 2141 2305 empti
2185 2240 2304 2305 pro
2348 2239 2481 2282 uno
2520 2217 2818 2297 denario,
2856 2222 2915 2278 et

1791 2307 1940 2371 ciffo
1984 2327 2214 2392 aquae.
2262 2309 2321 2387 ξ.
2366 2305 2427 2369 2.
2473 2302 2545 2368 Si
2587 2324 2745 2368 vero
2794 2301 2919 2364 fur-

1790 2395 1905 2458 tim
1967 2393 2286 2478 effugerit,
2344 2413 2431 2456 ex
2484 2399 2644 2457 tunc
2710 2386 2919 2454 credi-

1790 2489 1924 2558 tor,
1992 2479 2391 2564 ubicumque
2450 2478 2666 2564 ipsum
2732 2496 2921 2560 rapu·

1791 2568 1933 2648 erit,
1964 2589 2115 2632 cum
2136 2567 2305 2631 scitu
2326 2564 2574 2650 judicis
2590 2562 2921 2649 captivum

1790 2654 2132 2720 detinebit.

1952 3341 2215 3408 XXIII.
2260 3341 2361 3406 De
2402 3348 2680 3406 movente
2718 3340 2919 3426 queri-

1784 3432 2083 3496 moniam.
2130 3427 2200 3493 Si
2246 3427 2485 3513 aliquis
2527 3435 2921 3513 conquestus

1786 3517 1983 3582 fuerit
2042 3537 2261 3581 coram
2319 3513 2575 3601 judicio
2620 3535 2750 3578 nou
2802 3510 2919 3578 sub

1782 3612 1962 3669 recto
2007 3603 2271 3668 nomine
2314 3599 2793 3687 respondentiS,
2827 3620 2920 3665 re-

1784 3689 2115 3776 spondens
2132 3695 2479 3775 propterea
2502 3686 2771 3752 liberari
2790 3706 2921 3752 non

1784 3785 2017 3864 potest,
2064 3776 2181 3840 sed
2235 3773 2611 3875 prolocutor
2669 3791 2919 3859 poenae

1783 3862 2153 3949 subjacebit
2172 3859 2431 3944 mmori,
2450 3857 2765 3926 videlicet
2786 3853 2923 3924 XII

1786 3949 2229 4015 denariorum.

1956 4035 2213 4101 XXIV.
2258 4035 2359 4098 De
2382 4035 2539 4119 jure
2563 4033 2917 4118 praeconis.

1784 4127 1846 4206 ἓ.
1898 4124 1953 4188 1.
1998 4123 2071 4188 Si
2116 4125 2262 4209 quis
2306 4142 2425 4208 pro
2470 4119 2693 4205 aliqua
2720 4139 2920 4186 causa

1782 4209 2091 4302 praeconi
2112 4214 2569 4294 praesentatus
2592 4206 2793 4272 fuerit
2810 4202 2917 4271 vel

1784 4318 1903 4363 suo
1928 4295 2228 4380 debitori,
2246 4295 2497 4362 nemini
2522 4293 2737 4362 medio
2762 4301 2917 4362 tem·
