3150 5017
1181 318 1613 397 7-73—

421 490 816 559 Autographum
851 491 910 543 in
944 491 1206 545 tabulario
1255 492 1486 545 civitatis
1532 493 1743 563 Brunae
1794 494 2097 543 asservatur
2112 528 2126 556 ,
2172 490 2315 543 unde
2358 490 2587 557 primum

239 563 369 627 typis
389 560 720 628 'exscriptum
756 568 838 613 est
873 562 931 611 in
967 562 1248 613 Habrichii
1280 562 1447 613 libro:
1484 562 1619 613 Jura
1653 562 1926 628 primaeva
1960 560 2231 612 Moraviae
2248 596 2263 623 ‚
2299 560 2491 611 iterum
2526 560 2584 611 in

239 630 470 681 Boczekii
503 630 648 695 Dipl.
684 630 786 681 111.
823 634 908 697 22,
947 632 1043 693 233
1077 633 1290 682 tertium
1325 632 1382 681 in
1418 631 1555 681 libro
1590 631 1879 697 Rssszlerii,
1915 630 2004 696 qui
2038 630 2371 681 inscribitur:
2409 627 2584 681 stadt-

239 699 400 750 rechte
433 715 534 751 von
569 700 754 753 Briinn
791 700 972 767 (Pi-ag.
1009 700 1185 767 1858),
1222 706 1466 767 quartum
1501 702 1560 750 in
1595 700 1841 766 Regestis
1874 700 2093 751 Erbenii
2126 699 2170 751 1.

897 856 1008 937 (A.
1054 846 1530 935 privilegium
1576 856 1878 939 maine.)

377 1010 457 1075 In
501 1010 768 1075 nomine
813 1009 1024 1075 Patris
1067 1018 1132 1075 et
1177 1008 1330 1075 Filii
1373 1017 1440 1075 et
1485 1010 1769 1098 Spiritus
1815 1009 2059 1075 Sancti.
2102 1009 2338 1078 Amen.

377 1097 517 1162 Nos
561 1096 1167 1163 Wenceslaus.Dei
1210 1098 1422 1182 gratia
1463 1097 1611 1161 Rex
1636 1097 1989 1163 Bohemiae
2019 1104 2311 1183 quartus.

382 1182 710 1260 Omnibus
754 1184 1032 1270 posteris
1073 1192 1208 1249 tam
1256 1204 1452 1269 quam
1497 1183 1831 1249 modernis
1877 1182 2173 1249 salutem.

383 1269 616 1335 Gloria
657 1271 1029 1357 principum
1093 1291 1210 1356 per
1313 1290 1498 1335 acem
1546 1278 1613 1335 et
1656 1270 2067 1337 subditorum
2128 1271 2411 1357 quietem
2454 1266 2585 1333 lar-

232 1357 356 1441 gius
397 1355 714 1422 elucescit
736 1406 753 1431 ‚
815 1378 964 1421 cum
1010 1356 1186 1421 fama
1229 1378 1266 1421 c
1293 1358 1615 1423 ementiae
1658 1378 1738 1421 ac
1783 1355 2123 1444 diligentia
2165 1356 2587 1444 protectionis

232 1464 431 1508 eorum
477 1440 856 1508 extenditur
897 1445 966 1508 in
1013 1452 1328 1529 posteros,
1375 1451 1442 1508 et
1461 1445 1775 1509 memoria
1798 1443 2085 1510 nominis
2110 1464 2355 1523 eorum,
2390 1462 2584 1528 quam

232 1530 516 1595 continuo
561 1527 776 1595 studio
820 1529 1080 1595 virtutis
1125 1532 1490 1616 acquirunt,
1535 1530 1714 1616 apud
1758 1529 2056 1595 homines
2101 1537 2439 1617 permanet
2468 1529 2587 1592 im-

232 1615 539 1697 mortalis;
585 1614 872 1681 salutem·
955 1636 1170 1702 noque
1217 1626 1599 1701 perpetuam
1662 1640 1703 1683 a
1760 1617 2049 1682 Domino
2155 1624 2583 1695 remerentur,

233 1724 362 1767 cum
405 1702 762 1785 subjectos,
808 1704 919 1789 qui
967 1724 1048 1767 us
1093 1712 1382 1789 possunt,
1429 1702 1621 1769 bonis
1668 1702 2125 1769 consuetudini
2180 1724 2253 1767 us
2296 1708 2363 1767 et
2404 1700 2587 1766 insti·

231 1789 365 1853 tutis
406 1789 700 1854 honestis
748 1788 830 1854 ab
876 1788 1394 1870 enormitatibus,
1441 1789 1681 1876 quibus
1726 1812 1858 1856 non
1903 1790 2114 1857 solum
2161 1809 2451 1875 corpora,
2470 1786 2589 1852 sed

231 1876 396 1941 etiam
426 1876 688 1941 animae
731 1874 1170 1942 intolerabilia
1213 1874 1509 1961 pericula
1553 1877 1967 1959 sustinerent,
2026 1874 2369 1942 retrahunt
2412 1882 2476 1949 et
2518 1880 2588 1938 at

228 1962 508 2047 justiciae
573 1961 896 2027 tramitem
965 1963 1657 2049 conversationemque
1746 1961 2042 2028 robatam
2110 1969 2178 2029 et
2250 1968 2585 2047 acceptam

233 2058 286 2113 et
322 2049 543 2113 utilem
590 2049 916 2113 universis
953 2050 1125 2133 juris
1169 2050 1516 2113 severitate
1561 2070 1681 2136 per
1728 2057 1951 2113 ucunt.

381 2134 560 2199 Hinc
605 2142 722 2217 est,
768 2134 944 2221 quod
989 2156 1110 2201 nos
1155 2134 1542 2203 dilectorum
1586 2136 1829 2201 civium
1854 2143 2226 2201 nostrorum
2258 2131 2341 2199 de
2362 2132 2589 2199 Bruna

236 2219 630 2288 devotionem
673 2242 1028 2308 precesque
1073 2222 1466 2287 affectuosas
1509 2229 1577 2287 et
1614 2220 1911 2287 assiduas
1934 2222 2373 2303 advertentes,
2395 2216 2590 2285 libcr-

233 2315 378 2373 tates
417 2316 483 2373 et
517 2308 674 2393 jura
717 2307 1120 2395 subscripta,
1167 2330 1286 2394 per
1371 2330 1498 2376 uae
1539 2307 1973 2395 tranquilitati
2016 2316 2083 2373 et
2116 2306 2446 2375 communi
2468 2307 2591 2371 uti-

233 2392 377 2459 litati
418 2415 644 2460 eorum
693 2395 1102 2461 decrevimus
1146 2396 1330 2482 provi
1383 2394 1645 2478 endum,
1688 2396 1850 2481 ipsis
1874 2402 1941 2461 et
1962 2416 2187 2461 eorum
2233 2392 2588 2461 heredibus

239 2488 292 2543 et
371 2482 604 2546 esteris
650 2479 732 2547 de
774 2482 960 2567 regia
1001 2481 1352 2548 clementia
1393 2480 1835 2568 indulgemus,
1880 2502 2045 2568 quas
2088 2480 2171 2551 de
2215 2481 2427 2567 gratia
2448 2500 2591 2565 spe-

235 2502 368 2631 ciali
385 2566 810 2633 nihilominus
825 2567 1074 2633 eisdem
1089 2570 1316 2655 scripti
1335 2573 1698 2655 praesentis
1714 2568 2086 2633 testimonio
2104 2569 2583 2633 confirmamus.

394 2655 445 2717 1.
491 2652 858 2719 Statuimus
902 2654 1120 2740 igitur,
1166 2665 1240 2720 ut
1283 2656 1657 2741 quicunque
1700 2656 1945 2721 civium
1990 2654 2243 2721 habens
2284 2652 2459 2719 infra
2500 2652 2589 2717 ei·

234 2740 428 2803 vitatis
469 2738 811 2820 ambitum,
855 2740 980 2805 hoc
1022 2750 1122 2808 est
1163 2741 1339 2806 infra
1380 2741 1698 2808 fossatum
1738 2750 1803 2808 et
1831 2744 2123 2824 murum,
2146 2739 2375 2807 valens
2399 2738 2585 2825 quin-

243 2825 528 2911 quaginta
570 2825 838 2908 talenta,
898 2847 1290 2915 quemquam
1353 2827 1701 2912 occiderit,
1760 2827 1945 2895 nulla
1987 2849 2106 2914 pro
2152 2850 2223 2892 se
2265 2826 2589 2912 fidejussi·

241 2916 346 2976 on‘e
387 2912 657 2997 indiget,
705 2913 822 2977 sed
869 2913 1074 2997 judex
1119 2916 1140 2978 i
1187 2936 1332 2979 sum
1381 2915 1536 2981 citet
1579 2915 1793 2981 tribus
1836 2915 2101 2996 edictis,
2161 2914 2289 2979 hoc
2330 2920 2430 2978 est
2472 2911 2582 2975 tri·

239 2994 344 3061 bus
383 2998 632 3065 vicibus
677 2999 850 3063 infra
893 2999 987 3066 VI
1029 3001 1112 3065 eb
1161 3002 1452 3083 omadas,
1496 3003 1589 3067 ita
1632 3001 1807 3088 quod
1852 3003 1955 3067 cui
2002 2999 2423 3067 homicidium
2460 2998 2585 3061 im·

241 3083 519 3169 pingitur,
565 3093 782 3170 neget,
831 3108 902 3152 se
944 3086 1116 3151 idem
1139 3088 1560 3170 commisisse,
1608 3100 1673 3153 et
1716 3090 1770 3152 si
1818 3110 1888 3152 se
1912 3089 2325 3153 innocentem
2372 3091 2585 3149 osten-

241 3170 372 3235 dere
390 3170 686 3253 voluerit,
731 3182 1054 3257 expurget
1075 3195 1145 3237 se
1168 3172 1301 3239 VII
1343 3174 1502 3239 viris
1546 3173 1973 3241 credibilibus
1996 3182 2062 3240 et
2083 3172 2391 3254 honestis,
2415 3172 2587 3235 inter

243 3276 382 3340 quos
420 3256 726 3323 videlicet
768 3257 902 3323 VII
945 3261 1030 3324 sit
1075 3280 1246 3324 unus
1291 3260 1374 3325 de
1408 3260 1650 3346 juratis
1695 3262 2049 3348 principis3
2110 3280 2307 3346 quem
2366 3260 2423 3323 si
2466 3257 2583 3323 ha-

241 3338 374 3407 bere
412 3365 492 3409 ne
535 3344 748 3419 uierit,
793 3346 1091 3431 acquirat
1134 3367 1281 3412 eum
1307 3368 1423 3431 per
1444 3347 1576 3411 Dei
1597 3348 1935 3433 justitiam,
1959 3346 2027 3411 id
2057 3354 2159 3411 est
2189 3367 2307 3431 per
2331 3365 2587 3432 aquam.

389 3430 446 3495 2.
524 3439 678 3510 tem,
723 3431 966 3517 quicun
1015 3453 1097 3497 ue
1141 3431 1427 3519 aliquem
1489 3433 1570 3499 de
1629 3433 1980 3499 homicidio
2033 3431 2142 3497 vel
2203 3431 2285 3498 de
2343 3431 2587 3501 invasi-

245 3533 348 3578 one
387 3514 631 3599 domus,
673 3515 800 3581 hoc
841 3526 942 3582 est
1044 3519 1588 3605 eymsv‘oche‚
1642 3518 1749 3586 vel
1811 3519 1893 3586 de
1952 3540 2343 3606 quocunque
2400 3526 2586 3583 reatu

249 3601 540 3666 consimili
597 3601 983 3688 culpaverit,
1027 3606 1210 3691 prius
1277 3606 1771 3672 met-secundus
1826 3608 2001 3687 juret
2060 3626 2279 3671 cotem
2312 3603 2586 3689 judicie,

249 3687 396 3769 quod
437 3710 558 3753 nec
599 3688 890 3755 invidiae
933 3712 1056 3755 nec
1099 3692 1482 3758 inimicitiae
1527 3715 1750 3776 causa,
1794 3694 1921 3758 nisi
1968 3692 2049 3757 de
2094 3690 2407 3779 culpabili
2438 3710 2585 3755 con-

251 3782 559 3857 queratur3
602 3775 837 3861 quodsi
883 3798 1016 3842 non
1062 3778 1307 3859 fecerit,
1353 3788 1537 3843 actor
1579 3780 1722 3864 ipse
1766 3780 2267 3867 quaeremoniae
2312 3798 2470 3843 suae
2494 3798 2586 3842 re·

253 3860 556 3925 nunciabit
597 3883 815 3927 coram
851 3863 1122 3948 judicio,
1217 3886 1363 3929 uam
1411 3873 1640 3931 contra
1686 3874 2063 3953 suspectum
2109 3863 2412 3930 habebat.

391 3944 456 4009 Si
499 3968 652 4014 vero
698 3957 1038 4034 suspectus
1087 3886 1218 4015 Vl‘l
1261 3972 1330 4015 se
1377 3952 1536 4017 viris
1584 3952 1893 4038 praefatis
1937 3952 2427 4039 expurgaverit,
2490 3951 2586 4018 in·

253 4049 460 4095 nocens
503 4034 622 4097 erit
666 4057 707 4100 a
742 4034 968 4120 judice
1013 4043 1077 4102 et
1121 4046 1356 4103 actore.

396 4116 460 4182 Si
503 4140 654 4184 vero
701 4121 900 4187 talem
945 4124 1488 4207 expurgationem
1531 4122 1773 4189 habere
1818 4124 2161 4210 nequierit,
2208 4124 2423 4211 capite
2468 4144 2584 4210 pu-

255 4199 457 4355 nimii
495 4207 602 4357 tvel
671 4206 1028 4273 secundum
1095 4211 1373 4293 gratiam
1431 4208 1679 4295 judicis
1746 4218 1812 4274 et
1860 4210 2229 4294 juratorum
2302 4211 2587 4284 civitatis

257 4305 414 4353 emen
459 4312 496 4357 e
521 4313 610 4358 ur.
1223 4334 1232 4339 -
