3150 5017
472 296 613 343 nm
655 295 746 343 Π.
1423 310 1507 322 -
1595 270 1726 337 410
1815 308 1891 321 —

644 448 699 533 ἓ.
744 446 805 513 5.
853 445 1021 513 Sunt
1064 453 1131 509 et
1175 443 1289 510 alii
1350 444 1545 524 servi,
1595 444 1706 529 qui
1752 442 1944 506 nobis
1991 440 2288 505 serviunt
2331 436 2505 507 bona
2549 437 2700 515 fide,
2745 436 2858 523 qui

473 558 604 601 non
668 542 825 599 sunt
889 532 1161 620 proprii,
1210 530 1327 597 se'd
1390 526 1703 594 dicuntur
1772 550 1811 594 a
1879 524 2248 593 serviendo.

652 1052 713 1131 ξ.
764 1054 822 1111 6.
868 1046 1108 1111 Mulier
1152 1055 1367 1111 autem
1423 1044 1575 1109 ideo
1620 1048 2015 1117 removetur,
2076 1043 2230 1128 quia
2277 1040 2442 1106 levis
2487 1048 2590 1105 est
2656 1040 2863 1105 animi

480 1143 545 1200 et
590 1136 990 1215 inconstanta,
1052 1130 1171 1197 sed
1213 1133 1281 1196 in
1356 1131 1634 1197 testibus
1696 1150 1936 1214 magna
1997 1130 2408 1194 desideratur
2467 1126 2856 1206 constantia,

478 1242 603 1287 nec
648 1220 844 1285 debet
890 1241 959 1283 se
1006 1220 1301 1283 virorum
1348 1216 1629 1283 testibus
1673 1216 2060 1280 immiscere.

652 1309 711 1388 ξ.
762 1306 821 1370 7.
911 1305 1299 1390 Impuberes
1343 1312 1561 1368 autem
1608 1302 1756 1367 ideo
1791 1309 2226 1377 removentur,
2272 1301 2442 1387 quia·
2467 1298 2724 1365 nullum
2763 1306 2865 1362 est

479 1413 704 1459 eorum
752 1393 955 1457 animi
990 1392 1339 1477 judicium.
1385 1390 1474 1455 Et
1518 1387 1830 1453 dicuntur
1869 1387 2262 1475 impuberes,
2323 1388 2436 1472 qui
2497 1394 2650 1451 sunt
2691 1383 2870 1449 infra

490 1478 987 1565 quatuordecim
1038 1497 1268 1556 annos,
1304 1476 1500 1561 juxta
1546 1473 1840 1558 regulam
1863 1476 2036 1558 juris
2083 1475 2177 1539 sic
2203 1472 2518 1540 dicentis:
2564 1470 2856 1541 Puberes

484 1573 638 1630 sunt
699 1562 978 1629 masculi
1040 1561 1534 1648 quatuordecim
1581 1581 1937 1641 annorum3
1999 1559 2284 1631 feminae
2344 1581 2501 1624 vero
2561 1560 2704 1623 viro
2748 1577 2867 1644 po·

479 1659 715 1728 tentes,
756 1649 825 1714 id
872 1657 971 1713 est
1015 1649 1296 1735 majores
1356 1647 1701 1712 duodecim
1761 1648 1975 1710 annis.
2063 1646 2153 1710 Et
2212 1645 2522 1711 dicuntur
2582 1644 2869 1731 puberes

488 1760 528 1801 a
580 1737 778 1823 pube,
823 1734 893 1799 id
936 1744 1052 1815 est,
1099 1756 1140 1799 a
1184 1733 1500 1820 pudicitia
1546 1735 1856 1819 corporis,
1903 1754 2081 1819 quae,
2117 1734 2352 1817 incipit
2395 1733 2606 1819 primo
2649 1732 2721 1802 in
2766 1730 2868 1795 eis

478 1822 745 1905 florere3
800 1842 1155 1906 puerperae
1202 1829 1417 1897 autem
1466 1829 1638 1901 sunt,
1687 1822 1946 1906 quaein
1972 1818 2164 1883 annis
2192 1814 2554 1904 puerilibus
2579 1818 2872 1905 pariunt.

652 1910 709 1993 ξ.
756 1910 816 1973 8.
903 1907 1221 1971 Furiosus
1290 1928 1446 1970 vero
1505 1906 1657 1970 ideo
1717 1915 2108 1986 removetur,
2223 1903 2353 1969 uod
2405 1926 2603 1969 sensu
2665 1912 2868 1983 caret,

481 2016 605 2059 nec
665 2002 879 2078 potest
939 1993 1312 2058 discernere
1357 1994 1722 2073 veritatem,
1767 2013 1892 2058 nec
1948 1992 2171 2077 aliquo
2281 1992 2613 2075 negotium
2674 1990 2872 2054 ratio-

481 2080 790 2145 nabiliter
836 2079 1159 2143 ordinare.

654 2166 711 2250 §.
754 2167 815 2231 9.
867 2163 999 2230 Sed
1043 2164 1309 2229 infamis
1340 2162 1489 2229 ideo
1526 2170 1923 2241 removetur,
1969 2163 2146 2249 quod
2190 2171 2386 2227 testes
2430 2162 2683 2248 absque
2729 2159 2872 2227 ulla

478 2252 787 2331 infamia,
850 2251 1223 2336 suspicione
1306 2262 1371 2315 et
1426 2249 1688 2315 macula
1744 2252 1815 2314 in
1884 2248 2158 2314 ferendo
2225 2248 2598 2314 testimonio
2645 2270 2678 2311 r
2764 2249 2867 2311 ui—

480 2346 732 2401 runtur.
822 2336 911 2400 Et
954 2343 1055 2401 est
1098 2336 1275 2401 fama
1319 2334 1588 2401 illaesae
1645 2337 1984 2421 dignitatis
2023 2344 2228 2399 status
2276 2336 2413 2399 vita
2458 2346 2524 2399 et
2567 2335 2734 2398 mori
2782 2354 2866 2397 us

480 2421 903 2508 approbatus,
934 2431 1014 2502 ‘et
1060 2424 1171 2507 qui
1217 2422 1494 2507 negligit
1536 2421 1738 2487 talem
1784 2421 2081 2497 formam,
2127 2420 2414 2487 crudelis
2457 2430 2576 2503 est,
2623 2430 2688 2485 et
2732 2442 2874 2483 non

479 2507 691 2573 solum
736 2530 776 2572 a
822 2507 1107 2573 dicendo
1152 2509 1543 2590 testimoniO,
1590 2509 1706 2573 sed
1751 2506 1836 2573 ab
1884 2507 2188 2573 omnibus
2231 2506 2380 2573 aliis
2413 2508 2671 2571 actibus
2694 2504 2861 2591 legi-

484 2596 663 2660 timis
676 2602 1056 2667 amovetur.

655 2850 711 2936 ἓ.
763 2851 862 2916 10.
950 2850 1118 2916 Item
1164 2872 1416 2937 pauper
1461 2860 1806 2938 suspectus
1852 2858 2245 2933 removetur,
2290 2872 2440 2916 nam
2488 2848 2684 2915 facile
2729 2870 2866 2914 cor-

387 2960 417 2985 ·
485 2940 811 3021 rumpitur
856 2936 943 3001 ad
981 2935 1223 3002 falsum
1265 2939 1746 3021 testimonium3
1795 2937 1911 3003 sed
1959 2959 2206 3024 pauper
2263 2937 2478 3003 fidelis
2515 2938 2630 3023 jus
2675 2958 2866 3002 suum

484 3023 741 3090 salvum
788 3034 853 3089 et
898 3024 1223 3108 integrum
1268 3026 1337 3089 in
1384 3026 1562 3089 omni
1608 3024 1754 3089 loco
1801 3032 1868 3089 et
1910 3034 2203 3111 tempore
2248 3022 2574 3091 retinebit.

654 3200 715 3277 ξ.
746 3195 844 3260 11.
869 3196 957 3261 Et
976 3194 1260 3260 infidelis
1292 3194 1717 3282 reprobatur3
1749 3218 1904 3261 nam
1924 3194 2160 3262 dubius
2179 3198 2248 3262 in
2281 3196 2408 3261 fide
2431 3194 2719 3265 infidelis
2746 3203 2862 3275 est,

483 3302 607 3349 nec
651 3281 872 3367 aliquo
921 3280 1114 3346 modo
1160 3282 1221 3347 ei
1268 3280 1673 3347 credendum
1739 3292 1856 3364 est,
1917 3284 2030 3369 qui
2092 3284 2262 3347 viam
2331 3283 2630 3348 veritatis
2677 3284 2860 3367 igno-

483 3381 601 3448 rat,
670 3369 837 3431 sicut
894 3366 1149 3447 «Iudaei,
1220 3366 1530 3433 Saraceni
1593 3378 1656 3433 et
1711 3368 2025 3435 haeretiei
2086 3377 2151 3435 et
2219 3366 2446 3434 omnes
2506 3368 2622 3435 alii
2668 3368 2861 3433 fidem

486 3452 879 3519 catholicam
928 3452 1357 3537 abnegantes.

655 3542 715 3621 ξ.
746 3540 844 3603 12.
894 3537 1291 3605 Sed.adhuc
1334 3542 1403 3603 in
1430 3539 1727 3622 testibus,
1773 3541 1886 3627 qui
1935 3538 2398 3623 admittuntur,
2440 3540 2604 3607 haec
2649 3548 2856 3606 atten-

482 3624 700 3689 denda
745 3632 915 3702 sunt,
962 3625 1213 3689 scilicet
1258 3625 1566 3711 dignitas,
1613 3627 1876 3707 veritas,
1925 3648 2160 3707 mores,
2203 3628 2518 3712 gravitas,
2563 3649 2641 3693 eo
2689 3623 2858 3713 quod

372 3750 377 3753 -
480 3732 567 3775 ex
609 3712 907 3796 personis
967 3709 1303 3775 hominum
1367 3712 1543 3775 dicta
1603 3733 1982 3797 pensamus.
2069 3712 2325 3778 Idcirco
2393 3735 2528 3778 non
2606 3732 2856 3798 semper

483 3796 566 3859 ad
610 3795 1094 3861 multitudinem
1138 3798 1377 3882 respici
1423 3807 1700 3882 oportet,
1767 3798 1882 3862 sed
1942 3797 2030 3862 ad
2089 3800 2413 3865 sinceram
2475 3801 2742 3865 testium
2783 3796 2850 3861 fi·

481 3882 632 3971 dem
699 3891 764 3945 et
805 3883 1200 3963 testimonia,
1250 3882 1489 3969 quibus
1547 3884 1670 3947 lux
1712 3886 2012 3949 veritatis
2075 3886 2304 3951 existit
2349 3886 2578 3972 major.
2667 3884 2852 3951 Unde

486 3966 902 4032 manifestum
952 3975 1069 4050 est,
1112 3967 1401 4053 judicem
1449 3979 1513 4034 et
1548 3972 1828 4055 Juratos,
1876 3972 1987 4057 qui
2033 3977 2230 4036 testes
2278 3973 2680 4054 examinant,
2729 3991 2849 4035 ma·

484 4054 583 4136 gis
629 4074 823 4138 posse
883 4056 1069 4135 scire,
1130 4064 1380 4140 quanta
1437 4055 1602 4120 fides
1665 4054 2042 4121 adhibenda
2103 4059 2188 4123 sit
2245 4057 2566 4141 testibus,
2669 4059 2735 4123 ui
2791 4062 2890 4119 et-

484 4139 675 4223 cujus
719 4140 1058 4224 dignitatis
1104 4149 1170 4205 et
1212 4143 1405 4225 cujus
1465 4143 1942 4207 aestimationis
2003 4143 2156 4216 sint,
2205 4151 2270 4208 et
2313 4145 2430 4229 qui
2475 4144 2846 4231 simpiciter

484 4224 615 4287 sint
674 4224 922 4299 dicere,
987 4232 1203 4291 utrum
1290 4246 1493 4291 unum
1557 4227 1844 4292 eundem
1921 4228 2440 4315 meditatumque·
2499 4247 2848 4297 sermonem
