<?xml version="1.0" encoding="UTF-8"?>
<!DOCTYPE html PUBLIC "-//W3C//DTD XHTML 1.0 Transitional//EN"
    "http://www.w3.org/TR/xhtml1/DTD/xhtml1-transitional.dtd">
<html xmlns="http://www.w3.org/1999/xhtml" xml:lang="en" lang="en">
 <head>
  <title>
</title>
<meta http-equiv="Content-Type" content="text/html;charset=utf-8" />
  <meta name='ocr-system' content='tesseract 3.04.00' />
  <meta name='ocr-capabilities' content='ocr_page ocr_carea ocr_par ocr_line ocrx_word'/>
</head>
<body>
  <div class='ocr_page' id='page_1' title='image "./codexjurisbohem01unkngoog_0107.png"; bbox 0 0 3150 5017; ppageno 0'>
   <div class='ocr_carea' id='block_1_1' title="bbox 1189 304 1761 376">
    <p class='ocr_par' dir='ltr' id='par_1_1' title="bbox 1189 304 1761 376">
     <span class='ocr_line' id='line_1_1' title="bbox 1189 304 1761 376; baseline 0.007 -4"><span class='ocrx_word' id='word_1_1' title='bbox 1189 304 1761 376; x_wconf 75' lang='lat'><strong>-9‘1—.</strong></span> 
     </span>
    </p>
   </div>
   <div class='ocr_carea' id='block_1_2' title="bbox 207 477 1364 827">
    <p class='ocr_par' dir='ltr' id='par_1_2' title="bbox 207 477 1364 827">
     <span class='ocr_line' id='line_1_2' title="bbox 211 477 1360 568; baseline 0.002 -24"><span class='ocrx_word' id='word_1_2' title='bbox 211 499 425 546; x_wconf 69' lang='lat' dir='ltr'><strong>eausa.</strong></span> <span class='ocrx_word' id='word_1_3' title='bbox 467 477 929 568; x_wconf 74' lang='lat' dir='ltr'><strong>respondebit,</strong></span> <span class='ocrx_word' id='word_1_4' title='bbox 991 486 1058 545; x_wconf 86' lang='lat' dir='ltr'><strong>et</strong></span> <span class='ocrx_word' id='word_1_5' title='bbox 1102 481 1158 545; x_wconf 88' lang='lat' dir='ltr'><strong>si</strong></span> <span class='ocrx_word' id='word_1_6' title='bbox 1201 479 1360 546; x_wconf 83' lang='lat' dir='ltr'><strong>effu-</strong></span> 
     </span>
     <span class='ocr_line' id='line_1_3' title="bbox 207 565 1364 654; baseline -0.002 -22"><span class='ocrx_word' id='word_1_7' title='bbox 207 568 392 652; x_wconf 81' lang='lat' dir='ltr'><strong>gerit</strong></span> <span class='ocrx_word' id='word_1_8' title='bbox 449 565 600 632; x_wconf 79' lang='lat' dir='ltr'><strong>illos</strong></span> <span class='ocrx_word' id='word_1_9' title='bbox 622 615 642 650; x_wconf 92' lang='lat'><strong>,</strong></span> <span class='ocrx_word' id='word_1_10' title='bbox 709 567 1106 654; x_wconf 77' lang='lat' dir='ltr'><strong>quicumque</strong></span> <span class='ocrx_word' id='word_1_11' title='bbox 1179 576 1364 632; x_wconf 86' lang='lat' dir='ltr'><strong>actor</strong></span> 
     </span>
     <span class='ocr_line' id='line_1_4' title="bbox 207 651 1360 740; baseline 0.002 -24"><span class='ocrx_word' id='word_1_12' title='bbox 207 655 436 739; x_wconf 86' lang='lat' dir='ltr'><strong>ipsum</strong></span> <span class='ocrx_word' id='word_1_13' title='bbox 482 654 736 740; x_wconf 85' lang='lat' dir='ltr'><strong>primus</strong></span> <span class='ocrx_word' id='word_1_14' title='bbox 775 654 1086 739; x_wconf 76' lang='lat' dir='ltr'><strong>rapuerit,</strong></span> <span class='ocrx_word' id='word_1_15' title='bbox 1111 651 1209 718; x_wconf 90' lang='lat' dir='ltr'><strong>illi</strong></span> <span class='ocrx_word' id='word_1_16' title='bbox 1232 654 1360 718; x_wconf 86' lang='lat' dir='ltr'><strong>uti-</strong></span> 
     </span>
     <span class='ocr_line' id='line_1_5' title="bbox 207 739 838 827; baseline 0 -23"><span class='ocrx_word' id='word_1_17' title='bbox 207 760 352 825; x_wconf 89' lang='lat' dir='ltr'><strong>que</strong></span> <span class='ocrx_word' id='word_1_18' title='bbox 395 739 838 827; x_wconf 71' lang='lat' dir='ltr'><strong>respondebit.</strong></span> 
     </span>
    </p>
   </div>
   <div class='ocr_carea' id='block_1_3' title="bbox 225 2553 1378 3488">
    <p class='ocr_par' dir='ltr' id='par_1_3' title="bbox 225 2553 1378 3488">
     <span class='ocr_line' id='line_1_6' title="bbox 405 2553 1371 2643; baseline -0.003 -21"><span class='ocrx_word' id='word_1_19' title='bbox 405 2553 662 2622; x_wconf 89' lang='lat' dir='ltr'><strong>XXVI.</strong></span> <span class='ocrx_word' id='word_1_20' title='bbox 723 2555 1016 2643; x_wconf 82' lang='lat' dir='ltr'><strong>Expedit</strong></span> <span class='ocrx_word' id='word_1_21' title='bbox 1057 2556 1252 2632; x_wconf 86' lang='lat' dir='ltr'><strong>enim,</strong></span> <span class='ocrx_word' id='word_1_22' title='bbox 1297 2564 1371 2620; x_wconf 90' lang='lat' dir='ltr'><strong>ut</strong></span> 
     </span>
     <span class='ocr_line' id='line_1_7' title="bbox 226 2639 1370 2730; baseline -0.002 -21"><span class='ocrx_word' id='word_1_23' title='bbox 226 2644 634 2730; x_wconf 83' lang='lat' dir='ltr'><strong>quicumque</strong></span> <span class='ocrx_word' id='word_1_24' title='bbox 656 2641 842 2710; x_wconf 87' lang='lat' dir='ltr'><strong>faber</strong></span> <span class='ocrx_word' id='word_1_25' title='bbox 863 2643 1062 2709; x_wconf 82' lang='lat' dir='ltr'><strong>alicui</strong></span> <span class='ocrx_word' id='word_1_26' title='bbox 1091 2644 1232 2710; x_wconf 83' lang='lat' dir='ltr'><strong>viro</strong></span> <span class='ocrx_word' id='word_1_27' title='bbox 1261 2639 1370 2708; x_wconf 81' lang='lat' dir='ltr'><strong>vel</strong></span> 
     </span>
     <span class='ocr_line' id='line_1_8' title="bbox 225 2727 1370 2797; baseline -0.002 -2"><span class='ocrx_word' id='word_1_28' title='bbox 225 2729 493 2796; x_wconf 88' lang='lat' dir='ltr'><strong>mulieri</strong></span> <span class='ocrx_word' id='word_1_29' title='bbox 536 2727 738 2796; x_wconf 82' lang='lat' dir='ltr'><strong>falsas</strong></span> <span class='ocrx_word' id='word_1_30' title='bbox 782 2730 1002 2797; x_wconf 78' lang='lat' dir='ltr'><strong>claves</strong></span> <span class='ocrx_word' id='word_1_31' title='bbox 1024 2729 1132 2797; x_wconf 81' lang='lat' dir='ltr'><strong>vel</strong></span> <span class='ocrx_word' id='word_1_32' title='bbox 1163 2751 1370 2794; x_wconf 83' lang='lat' dir='ltr'><strong>uncos</strong></span> 
     </span>
     <span class='ocr_line' id='line_1_9' title="bbox 225 2813 1372 2896; baseline -0.001 -14"><span class='ocrx_word' id='word_1_33' title='bbox 225 2817 332 2882; x_wconf 87' lang='lat' dir='ltr'><strong>vel</strong></span> <span class='ocrx_word' id='word_1_34' title='bbox 347 2813 580 2880; x_wconf 81' lang='lat' dir='ltr'><strong>clavos</strong></span> <span class='ocrx_word' id='word_1_35' title='bbox 597 2816 840 2896; x_wconf 83' lang='lat' dir='ltr'><strong>fecerit,</strong></span> <span class='ocrx_word' id='word_1_36' title='bbox 848 2825 912 2882; x_wconf 85' lang='lat' dir='ltr'><strong>et</strong></span> <span class='ocrx_word' id='word_1_37' title='bbox 929 2818 982 2880; x_wconf 90' lang='lat' dir='ltr'><strong>si</strong></span> <span class='ocrx_word' id='word_1_38' title='bbox 1001 2839 1148 2882; x_wconf 89' lang='lat' dir='ltr'><strong>cum</strong></span> <span class='ocrx_word' id='word_1_39' title='bbox 1162 2815 1372 2884; x_wconf 85' lang='lat' dir='ltr'><strong>tribus</strong></span> 
     </span>
     <span class='ocr_line' id='line_1_10' title="bbox 227 2899 1374 2985; baseline -0.001 -17"><span class='ocrx_word' id='word_1_40' title='bbox 227 2903 518 2969; x_wconf 84' lang='lat' dir='ltr'><strong>testibus</strong></span> <span class='ocrx_word' id='word_1_41' title='bbox 561 2903 775 2969; x_wconf 83' lang='lat' dir='ltr'><strong>victus</strong></span> <span class='ocrx_word' id='word_1_42' title='bbox 797 2899 1238 2985; x_wconf 52' lang='lat' dir='ltr'><strong>fueritsmanu</strong></span> <span class='ocrx_word' id='word_1_43' title='bbox 1269 2924 1374 2967; x_wconf 82' lang='lat' dir='ltr'><strong>ca·</strong></span> 
     </span>
     <span class='ocr_line' id='line_1_11' title="bbox 229 2988 1376 3076; baseline -0.001 -22"><span class='ocrx_word' id='word_1_44' title='bbox 229 2988 428 3072; x_wconf 87' lang='lat' dir='ltr'><strong>rebit,</strong></span> <span class='ocrx_word' id='word_1_45' title='bbox 487 2997 562 3053; x_wconf 87' lang='lat' dir='ltr'><strong>ut</strong></span> <span class='ocrx_word' id='word_1_46' title='bbox 605 2989 1052 3076; x_wconf 85' lang='lat' dir='ltr'><strong>supradictum</strong></span> <span class='ocrx_word' id='word_1_47' title='bbox 1117 3000 1251 3072; x_wconf 82' lang='lat' dir='ltr'><strong>est3</strong></span> <span class='ocrx_word' id='word_1_48' title='bbox 1311 2999 1376 3054; x_wconf 90' lang='lat' dir='ltr'><strong>et</strong></span> 
     </span>
     <span class='ocr_line' id='line_1_12' title="bbox 234 3076 1376 3162; baseline 0 -22"><span class='ocrx_word' id='word_1_49' title='bbox 234 3077 288 3141; x_wconf 90' lang='lat' dir='ltr'><strong>si</strong></span> <span class='ocrx_word' id='word_1_50' title='bbox 333 3097 709 3162; x_wconf 85' lang='lat' dir='ltr'><strong>expurgare</strong></span> <span class='ocrx_word' id='word_1_51' title='bbox 753 3076 1054 3159; x_wconf 84' lang='lat' dir='ltr'><strong>voluerit,</strong></span> <span class='ocrx_word' id='word_1_52' title='bbox 1118 3085 1376 3142; x_wconf 88' lang='lat' dir='ltr'><strong>metter-</strong></span> 
     </span>
     <span class='ocr_line' id='line_1_13' title="bbox 233 3160 1378 3250; baseline 0.001 -24"><span class='ocrx_word' id='word_1_53' title='bbox 233 3163 364 3228; x_wconf 84' lang='lat' dir='ltr'><strong>tius</strong></span> <span class='ocrx_word' id='word_1_54' title='bbox 411 3164 486 3227; x_wconf 88' lang='lat' dir='ltr'><strong>in</strong></span> <span class='ocrx_word' id='word_1_55' title='bbox 531 3184 726 3228; x_wconf 89' lang='lat' dir='ltr'><strong>cruce</strong></span> <span class='ocrx_word' id='word_1_56' title='bbox 749 3184 820 3230; x_wconf 81' lang='lat' dir='ltr'><strong>se</strong></span> <span class='ocrx_word' id='word_1_57' title='bbox 845 3163 1270 3250; x_wconf 82' lang='lat' dir='ltr'><strong>expurgabit3</strong></span> <span class='ocrx_word' id='word_1_58' title='bbox 1297 3160 1378 3227; x_wconf 90' lang='lat' dir='ltr'><strong>de</strong></span> 
     </span>
     <span class='ocr_line' id='line_1_14' title="bbox 235 3250 1378 3336; baseline 0 -23"><span class='ocrx_word' id='word_1_59' title='bbox 235 3250 361 3314; x_wconf 83' lang='lat' dir='ltr'><strong>ista</strong></span> <span class='ocrx_word' id='word_1_60' title='bbox 425 3270 640 3334; x_wconf 85' lang='lat' dir='ltr'><strong>poena</strong></span> <span class='ocrx_word' id='word_1_61' title='bbox 707 3250 897 3316; x_wconf 85' lang='lat' dir='ltr'><strong>cedet</strong></span> <span class='ocrx_word' id='word_1_62' title='bbox 967 3250 1164 3316; x_wconf 88' lang='lat' dir='ltr'><strong>tertia</strong></span> <span class='ocrx_word' id='word_1_63' title='bbox 1224 3269 1378 3336; x_wconf 83' lang='lat' dir='ltr'><strong>pars</strong></span> 
     </span>
     <span class='ocr_line' id='line_1_15' title="bbox 238 3335 1378 3422; baseline 0.001 -22"><span class='ocrx_word' id='word_1_64' title='bbox 238 3337 469 3418; x_wconf 83' lang='lat' dir='ltr'><strong>actori,</strong></span> <span class='ocrx_word' id='word_1_65' title='bbox 513 3336 710 3404; x_wconf 80' lang='lat' dir='ltr'><strong>tertia</strong></span> <span class='ocrx_word' id='word_1_66' title='bbox 753 3336 980 3422; x_wconf 83' lang='lat' dir='ltr'><strong>iudici,</strong></span> <span class='ocrx_word' id='word_1_67' title='bbox 1038 3337 1232 3404; x_wconf 82' lang='lat' dir='ltr'><strong>tertia</strong></span> <span class='ocrx_word' id='word_1_68' title='bbox 1266 3335 1378 3421; x_wconf 90' lang='lat' dir='ltr'><strong>ju·</strong></span> 
     </span>
     <span class='ocr_line' id='line_1_16' title="bbox 238 3423 498 3488; baseline -0.015 -2"><span class='ocrx_word' id='word_1_69' title='bbox 238 3423 422 3488; x_wconf 82' lang='lat' dir='ltr'><strong>ratis.</strong></span> <span class='ocrx_word' id='word_1_70' title='bbox 489 3463 498 3482; x_wconf 85' lang='grc'><strong><em>,</em></strong></span> 
     </span>
    </p>
   </div>
   <div class='ocr_carea' id='block_1_4' title="bbox 248 3593 1394 4441">
    <p class='ocr_par' dir='ltr' id='par_1_4' title="bbox 248 3593 1394 4441">
     <span class='ocr_line' id='line_1_17' title="bbox 417 3593 1380 3664; baseline 0.004 -4"><span class='ocrx_word' id='word_1_71' title='bbox 417 3593 707 3662; x_wconf 91' lang='lat' dir='ltr'>XXVII.</span> <span class='ocrx_word' id='word_1_72' title='bbox 735 3595 996 3664; x_wconf 87' lang='lat' dir='ltr'><strong>Deinde</strong></span> <span class='ocrx_word' id='word_1_73' title='bbox 1017 3597 1103 3662; x_wconf 82' lang='lat' dir='ltr'><strong>ab</strong></span> <span class='ocrx_word' id='word_1_74' title='bbox 1122 3599 1380 3664; x_wconf 87' lang='lat' dir='ltr'><strong>univer-</strong></span> 
     </span>
     <span class='ocr_line' id='line_1_18' title="bbox 248 3680 1384 3750; baseline 0 -2"><span class='ocrx_word' id='word_1_75' title='bbox 248 3680 336 3748; x_wconf 84' lang='lat' dir='ltr'><strong>sis</strong></span> <span class='ocrx_word' id='word_1_76' title='bbox 377 3689 598 3748; x_wconf 88' lang='lat' dir='ltr'><strong>ratum</strong></span> <span class='ocrx_word' id='word_1_77' title='bbox 640 3682 986 3750; x_wconf 72' lang='lat' dir='ltr'><strong>habeatur:</strong></span> <span class='ocrx_word' id='word_1_78' title='bbox 1071 3684 1143 3750; x_wconf 87' lang='lat' dir='ltr'><strong>Si</strong></span> <span class='ocrx_word' id='word_1_79' title='bbox 1187 3682 1384 3750; x_wconf 84' lang='lat' dir='ltr'><strong>alicui</strong></span> 
     </span>
     <span class='ocr_line' id='line_1_19' title="bbox 249 3768 1386 3856; baseline 0.003 -22"><span class='ocrx_word' id='word_1_80' title='bbox 249 3768 668 3854; x_wconf 84' lang='lat' dir='ltr'><strong>privilegium</strong></span> <span class='ocrx_word' id='word_1_81' title='bbox 710 3770 978 3856; x_wconf 80' lang='lat' dir='ltr'><strong>aliquod</strong></span> <span class='ocrx_word' id='word_1_82' title='bbox 1037 3770 1236 3838; x_wconf 87' lang='lat' dir='ltr'><strong>fuerit</strong></span> <span class='ocrx_word' id='word_1_83' title='bbox 1277 3771 1386 3836; x_wconf 85' lang='lat' dir='ltr'><strong>da-</strong></span> 
     </span>
     <span class='ocr_line' id='line_1_20' title="bbox 253 3856 1390 3960; baseline 0.001 -40"><span class='ocrx_word' id='word_1_84' title='bbox 253 3861 386 3954; x_wconf 77' lang='lat' dir='ltr'><strong>tum</strong></span> <span class='ocrx_word' id='word_1_85' title='bbox 411 3877 611 3957; x_wconf 75' lang='lat' dir='ltr'><strong>super</strong></span> <span class='ocrx_word' id='word_1_86' title='bbox 633 3856 1092 3958; x_wconf 83' lang='lat' dir='ltr'><strong>quidcumque,</strong></span> <span class='ocrx_word' id='word_1_87' title='bbox 1137 3856 1261 3924; x_wconf 91' lang='lat' dir='ltr'><strong>hoc</strong></span> <span class='ocrx_word' id='word_1_88' title='bbox 1289 3865 1390 3960; x_wconf 73' lang='lat' dir='ltr'><strong>est</strong></span> 
     </span>
     <span class='ocr_line' id='line_1_21' title="bbox 256 3941 1392 4129; baseline 0.019 -39"><span class='ocrx_word' id='word_1_89' title='bbox 256 3941 1148 4129; x_wconf 47' lang='lat' dir='ltr'><strong>uarssssflzfflsussrzffissa</strong></span> <span class='ocrx_word' id='word_1_90' title='bbox 1169 3943 1392 4111; x_wconf 61' lang='lat'><strong>{3232</strong></span> 
     </span>
     <span class='ocr_line' id='line_1_22' title="bbox 259 4111 1394 4204; baseline 0.004 -28"><span class='ocrx_word' id='word_1_91' title='bbox 259 4111 420 4180; x_wconf 82' lang='lat' dir='ltr'><strong>mlul</strong></span> <span class='ocrx_word' id='word_1_92' title='bbox 461 4116 612 4204; x_wconf 87' lang='lat' dir='ltr'><strong>plus</strong></span> <span class='ocrx_word' id='word_1_93' title='bbox 655 4118 955 4203; x_wconf 83' lang='lat' dir='ltr'><strong>perditur</strong></span> <span class='ocrx_word' id='word_1_94' title='bbox 976 4167 996 4202; x_wconf 91' lang='lat'><strong>,</strong></span> <span class='ocrx_word' id='word_1_95' title='bbox 1041 4119 1168 4184; x_wconf 82' lang='lat' dir='ltr'><strong>nisi</strong></span> <span class='ocrx_word' id='word_1_96' title='bbox 1225 4116 1394 4182; x_wconf 87' lang='lat' dir='ltr'><strong>illud</strong></span> 
     </span>
     <span class='ocr_line' id='line_1_23' title="bbox 263 4204 1393 4306; baseline 0.004 -42"><span class='ocrx_word' id='word_1_97' title='bbox 263 4219 454 4288; x_wconf 88' lang='lat' dir='ltr'><strong>super</strong></span> <span class='ocrx_word' id='word_1_98' title='bbox 493 4225 626 4292; x_wconf 89' lang='lat' dir='ltr'><strong>quo</strong></span> <span class='ocrx_word' id='word_1_99' title='bbox 649 4204 1068 4306; x_wconf 82' lang='lat' dir='ltr'><strong>privilegium</strong></span> <span class='ocrx_word' id='word_1_100' title='bbox 1092 4204 1260 4272; x_wconf 89' lang='lat' dir='ltr'><strong>illud</strong></span> <span class='ocrx_word' id='word_1_101' title='bbox 1293 4212 1393 4272; x_wconf 83' lang='lat' dir='ltr'><strong>est</strong></span> 
     </span>
     <span class='ocr_line' id='line_1_24' title="bbox 265 4285 846 4441; baseline 0.005 -6"><span class='ocrx_word' id='word_1_102' title='bbox 265 4285 630 4438; x_wconf 40' lang='lat' dir='ltr'><strong>doxilaitaelfflt:</strong></span> <span class='ocrx_word' id='word_1_103' title='bbox 673 4337 846 4441; x_wconf 57' lang='lat' dir='ltr'><strong>codex.</strong></span> 
     </span>
    </p>
   </div>
   <div class='ocr_carea' id='block_1_5' title="bbox 1459 476 2681 3599">
    <p class='ocr_par' dir='ltr' id='par_1_5' title="bbox 1459 476 2681 3599">
     <span class='ocr_line' id='line_1_25' title="bbox 1463 476 2601 566; baseline -0.004 -20"><span class='ocrx_word' id='word_1_104' title='bbox 1463 501 1623 566; x_wconf 88' lang='lat' dir='ltr'><strong>pore</strong></span> <span class='ocrx_word' id='word_1_105' title='bbox 1666 501 1785 565; x_wconf 87' lang='lat' dir='ltr'><strong>pro</strong></span> <span class='ocrx_word' id='word_1_106' title='bbox 1830 476 2053 565; x_wconf 79' lang='lat' dir='ltr'><strong>aliqua</strong></span> <span class='ocrx_word' id='word_1_107' title='bbox 2099 497 2299 543; x_wconf 82' lang='lat' dir='ltr'><strong>causa</strong></span> <span class='ocrx_word' id='word_1_108' title='bbox 2334 495 2601 563; x_wconf 86' lang='lat' dir='ltr'><strong>respon·</strong></span> 
     </span>
     <span class='ocr_line' id='line_1_26' title="bbox 1466 563 2599 650; baseline -0.004 -18"><span class='ocrx_word' id='word_1_109' title='bbox 1466 566 1669 647; x_wconf 91' lang='lat' dir='ltr'><strong>debit,</strong></span> <span class='ocrx_word' id='word_1_110' title='bbox 1714 575 1783 632; x_wconf 84' lang='lat' dir='ltr'><strong>et</strong></span> <span class='ocrx_word' id='word_1_111' title='bbox 1824 567 1881 630; x_wconf 89' lang='lat' dir='ltr'><strong>si</strong></span> <span class='ocrx_word' id='word_1_112' title='bbox 1924 563 2231 650; x_wconf 83' lang='lat' dir='ltr'><strong>effugerit</strong></span> <span class='ocrx_word' id='word_1_113' title='bbox 2260 564 2427 644; x_wconf 84' lang='lat' dir='ltr'><strong>illos,</strong></span> <span class='ocrx_word' id='word_1_114' title='bbox 2454 564 2599 650; x_wconf 90' lang='lat' dir='ltr'><strong>qui-</strong></span> 
     </span>
     <span class='ocr_line' id='line_1_27' title="bbox 1465 653 2603 739; baseline -0.007 -18"><span class='ocrx_word' id='word_1_115' title='bbox 1465 673 1747 739; x_wconf 85' lang='lat' dir='ltr'><strong>cumque</strong></span> <span class='ocrx_word' id='word_1_116' title='bbox 1813 660 1993 716; x_wconf 85' lang='lat' dir='ltr'><strong>actor</strong></span> <span class='ocrx_word' id='word_1_117' title='bbox 2058 653 2081 716; x_wconf 88' lang='lat' dir='ltr'><strong>i</strong></span> <span class='ocrx_word' id='word_1_118' title='bbox 2132 673 2276 716; x_wconf 82' lang='lat' dir='ltr'><strong>sum</strong></span> <span class='ocrx_word' id='word_1_119' title='bbox 2352 653 2603 738; x_wconf 88' lang='lat' dir='ltr'><strong>primus</strong></span> 
     </span>
     <span class='ocr_line' id='line_1_28' title="bbox 1469 737 2603 828; baseline -0.004 -24"><span class='ocrx_word' id='word_1_120' title='bbox 1469 739 1995 828; x_wconf 81' lang='lat' dir='ltr'><strong>deprehen-derit,</strong></span> <span class='ocrx_word' id='word_1_121' title='bbox 2058 737 2159 802; x_wconf 88' lang='lat' dir='ltr'><strong>ili</strong></span> <span class='ocrx_word' id='word_1_122' title='bbox 2220 739 2445 824; x_wconf 82' lang='lat' dir='ltr'><strong>utique</strong></span> <span class='ocrx_word' id='word_1_123' title='bbox 2504 758 2603 801; x_wconf 87' lang='lat' dir='ltr'><strong>re-</strong></span> 
     </span>
     <span class='ocr_line' id='line_1_29' title="bbox 1463 823 2607 912; baseline -0.004 -20"><span class='ocrx_word' id='word_1_124' title='bbox 1463 824 1832 912; x_wconf 77' lang='lat' dir='ltr'><strong>spondebit.</strong></span> <span class='ocrx_word' id='word_1_125' title='bbox 1880 829 1943 908; x_wconf 67' lang='grc' dir='ltr'><strong>ξ.</strong></span> <span class='ocrx_word' id='word_1_126' title='bbox 1987 827 2047 891; x_wconf 83' lang='grc'><strong>2.</strong></span> <span class='ocrx_word' id='word_1_127' title='bbox 2094 825 2285 907; x_wconf 85' lang='lat' dir='ltr'><strong>Item,</strong></span> <span class='ocrx_word' id='word_1_128' title='bbox 2329 823 2607 909; x_wconf 87' lang='lat' dir='ltr'><strong>quilibet</strong></span> 
     </span>
     <span class='ocr_line' id='line_1_30' title="bbox 1463 909 2605 1000; baseline -0.004 -22"><span class='ocrx_word' id='word_1_129' title='bbox 1463 933 1701 1000; x_wconf 84' lang='lat' dir='ltr'><strong>praeco</strong></span> <span class='ocrx_word' id='word_1_130' title='bbox 1757 912 2205 978; x_wconf 86' lang='lat' dir='ltr'><strong>testimonium</strong></span> <span class='ocrx_word' id='word_1_131' title='bbox 2260 909 2605 998; x_wconf 88' lang='lat' dir='ltr'><strong>perhibere</strong></span> 
     </span>
     <span class='ocr_line' id='line_1_31' title="bbox 1463 996 2607 1087; baseline -0.004 -23"><span class='ocrx_word' id='word_1_132' title='bbox 1463 1001 1723 1087; x_wconf 87' lang='lat' dir='ltr'><strong>poterit,</strong></span> <span class='ocrx_word' id='word_1_133' title='bbox 1766 1000 1823 1064; x_wconf 90' lang='lat' dir='ltr'><strong>si</strong></span> <span class='ocrx_word' id='word_1_134' title='bbox 1868 997 2154 1086; x_wconf 80' lang='lat' dir='ltr'><strong>aliquem</strong></span> <span class='ocrx_word' id='word_1_135' title='bbox 2200 1020 2319 1084; x_wconf 89' lang='lat' dir='ltr'><strong>pro</strong></span> <span class='ocrx_word' id='word_1_136' title='bbox 2366 996 2607 1062; x_wconf 88' lang='lat' dir='ltr'><strong>debitis</strong></span> 
     </span>
     <span class='ocr_line' id='line_1_32' title="bbox 1465 1082 2603 1172; baseline -0.004 -20"><span class='ocrx_word' id='word_1_137' title='bbox 1465 1087 1574 1152; x_wconf 81' lang='lat' dir='ltr'><strong>vel</strong></span> <span class='ocrx_word' id='word_1_138' title='bbox 1618 1109 1723 1152; x_wconf 88' lang='lat' dir='ltr'><strong>res</strong></span> <span class='ocrx_word' id='word_1_139' title='bbox 1769 1085 2052 1172; x_wconf 86' lang='lat' dir='ltr'><strong>alicujus</strong></span> <span class='ocrx_word' id='word_1_140' title='bbox 2095 1087 2167 1149; x_wconf 87' lang='lat' dir='ltr'><strong>in</strong></span> <span class='ocrx_word' id='word_1_141' title='bbox 2212 1086 2403 1150; x_wconf 86' lang='lat' dir='ltr'><strong>domo</strong></span> <span class='ocrx_word' id='word_1_142' title='bbox 2444 1082 2603 1148; x_wconf 83' lang='lat' dir='ltr'><strong>alte-</strong></span> 
     </span>
     <span class='ocr_line' id='line_1_33' title="bbox 1461 1170 2603 1253; baseline -0.007 -13"><span class='ocrx_word' id='word_1_143' title='bbox 1461 1175 1602 1240; x_wconf 87' lang='lat' dir='ltr'><strong>rius</strong></span> <span class='ocrx_word' id='word_1_144' title='bbox 1645 1171 2080 1240; x_wconf 81' lang='lat' dir='ltr'><strong>interdixerit.</strong></span> <span class='ocrx_word' id='word_1_145' title='bbox 2128 1176 2186 1253; x_wconf 65' lang='lat'><strong>§-</strong></span> <span class='ocrx_word' id='word_1_146' title='bbox 2235 1172 2297 1236; x_wconf 88' lang='lat'><strong>3.</strong></span> <span class='ocrx_word' id='word_1_147' title='bbox 2332 1173 2499 1237; x_wconf 87' lang='lat' dir='ltr'><strong>Item</strong></span> <span class='ocrx_word' id='word_1_148' title='bbox 2546 1170 2603 1233; x_wconf 88' lang='lat' dir='ltr'><strong>si</strong></span> 
     </span>
     <span class='ocr_line' id='line_1_34' title="bbox 1467 1259 2609 1346; baseline -0.006 -20"><span class='ocrx_word' id='word_1_149' title='bbox 1467 1259 1755 1346; x_wconf 81' lang='lat' dir='ltr'><strong>aliquem</strong></span> <span class='ocrx_word' id='word_1_150' title='bbox 1798 1259 2551 1343; x_wconf 80' lang='lat' dir='ltr'><strong>citaveritinterrogatus</strong></span> <span class='ocrx_word' id='word_1_151' title='bbox 2568 1275 2609 1319; x_wconf 89' lang='lat' dir='ltr'><strong>a</strong></span> 
     </span>
     <span class='ocr_line' id='line_1_35' title="bbox 1469 1345 2606 1500; baseline -0.005 -86"><span class='ocrx_word' id='word_1_152' title='bbox 1469 1347 1708 1500; x_wconf 46' lang='lat' dir='ltr'><strong>heizo,</strong></span> <span class='ocrx_word' id='word_1_153' title='bbox 1732 1346 1815 1412; x_wconf 89' lang='lat' dir='ltr'><strong>de</strong></span> <span class='ocrx_word' id='word_1_154' title='bbox 1836 1345 1963 1412; x_wconf 89' lang='lat' dir='ltr'><strong>hoc</strong></span> <span class='ocrx_word' id='word_1_155' title='bbox 1982 1346 2429 1411; x_wconf 83' lang='lat' dir='ltr'><strong>testimonium</strong></span> <span class='ocrx_word' id='word_1_156' title='bbox 2462 1365 2606 1430; x_wconf 89' lang='lat' dir='ltr'><strong>per-</strong></span> 
     </span>
     <span class='ocr_line' id='line_1_36' title="bbox 1513 1434 2681 1500; baseline -0.003 -2"><span class='ocrx_word' id='word_1_157' title='bbox 1513 1435 1538 1498; x_wconf 94' lang='lat' dir='ltr'><strong>i</strong></span> <span class='ocrx_word' id='word_1_158' title='bbox 1586 1455 1623 1500; x_wconf 89' lang='lat' dir='ltr'><strong>e</strong></span> <span class='ocrx_word' id='word_1_159' title='bbox 1672 1434 1743 1498; x_wconf 89' lang='lat' dir='ltr'><strong>it.</strong></span> <span class='ocrx_word' id='word_1_160' title='bbox 2674 1469 2681 1476; x_wconf 94' lang='lat'>-</span> 
     </span>
     <span class='ocr_line' id='line_1_37' title="bbox 1642 1515 2607 1604; baseline -0.004 -20"><span class='ocrx_word' id='word_1_161' title='bbox 1642 1519 1859 1586; x_wconf 89' lang='lat' dir='ltr'><strong>XXV.</strong></span> <span class='ocrx_word' id='word_1_162' title='bbox 1883 1520 1983 1584; x_wconf 84' lang='lat' dir='ltr'><strong>De</strong></span> <span class='ocrx_word' id='word_1_163' title='bbox 1988 1521 2141 1604; x_wconf 77' lang='lat' dir='ltr'><strong>jure</strong></span> <span class='ocrx_word' id='word_1_164' title='bbox 2160 1517 2415 1582; x_wconf 75' lang='lat' dir='ltr'><strong>notarii.</strong></span> <span class='ocrx_word' id='word_1_165' title='bbox 2439 1515 2607 1582; x_wconf 86' lang='lat' dir='ltr'><strong>Item</strong></span> 
     </span>
     <span class='ocr_line' id='line_1_38' title="bbox 1467 1604 2608 1696; baseline -0.005 -23"><span class='ocrx_word' id='word_1_166' title='bbox 1467 1606 1748 1696; x_wconf 84' lang='lat' dir='ltr'><strong>quilibet</strong></span> <span class='ocrx_word' id='word_1_167' title='bbox 1804 1608 2061 1692; x_wconf 83' lang='lat' dir='ltr'><strong>juratus</strong></span> <span class='ocrx_word' id='word_1_168' title='bbox 2110 1605 2405 1671; x_wconf 84' lang='lat' dir='ltr'><strong>notarius</strong></span> <span class='ocrx_word' id='word_1_169' title='bbox 2451 1604 2608 1668; x_wconf 86' lang='lat' dir='ltr'><strong>civi-</strong></span> 
     </span>
     <span class='ocr_line' id='line_1_39' title="bbox 1467 1690 2607 1781; baseline -0.005 -22"><span class='ocrx_word' id='word_1_170' title='bbox 1467 1696 1623 1760; x_wconf 77' lang='lat' dir='ltr'><strong>tatis</strong></span> <span class='ocrx_word' id='word_1_171' title='bbox 1689 1692 2011 1781; x_wconf 89' lang='lat' dir='ltr'><strong>quidquid</strong></span> <span class='ocrx_word' id='word_1_172' title='bbox 2068 1694 2139 1758; x_wconf 87' lang='lat' dir='ltr'><strong>in</strong></span> <span class='ocrx_word' id='word_1_173' title='bbox 2183 1690 2428 1758; x_wconf 81' lang='lat' dir='ltr'><strong>tabulis</strong></span> <span class='ocrx_word' id='word_1_174' title='bbox 2472 1691 2607 1756; x_wconf 82' lang='lat' dir='ltr'><strong>suis</strong></span> 
     </span>
     <span class='ocr_line' id='line_1_40' title="bbox 1471 1779 2605 1866; baseline -0.007 -18"><span class='ocrx_word' id='word_1_175' title='bbox 1471 1779 1829 1866; x_wconf 73' lang='lat' dir='ltr'><strong>collegerit,</strong></span> <span class='ocrx_word' id='word_1_176' title='bbox 1874 1780 2015 1846; x_wconf 85' lang='lat' dir='ltr'><strong>sive</strong></span> <span class='ocrx_word' id='word_1_177' title='bbox 2038 1781 2122 1846; x_wconf 85' lang='lat' dir='ltr'><strong>sit</strong></span> <span class='ocrx_word' id='word_1_178' title='bbox 2135 1780 2605 1865; x_wconf 85' lang='lat' dir='ltr'><strong>jurameutum,</strong></span> 
     </span>
     <span class='ocr_line' id='line_1_41' title="bbox 1471 1861 2610 1954; baseline -0.006 -21"><span class='ocrx_word' id='word_1_179' title='bbox 1471 1869 1611 1934; x_wconf 84' lang='lat' dir='ltr'><strong>sive</strong></span> <span class='ocrx_word' id='word_1_180' title='bbox 1685 1868 2073 1954; x_wconf 76' lang='lat' dir='ltr'><strong>proscriptio</strong></span> <span class='ocrx_word' id='word_1_181' title='bbox 2128 1865 2425 1951; x_wconf 65' lang='lat' dir='ltr'><strong>alicujus</strong></span> <span class='ocrx_word' id='word_1_182' title='bbox 2500 1861 2610 1928; x_wconf 79' lang='lat' dir='ltr'><strong>vel</strong></span> 
     </span>
     <span class='ocr_line' id='line_1_42' title="bbox 1469 1950 2614 2040; baseline -0.004 -21"><span class='ocrx_word' id='word_1_183' title='bbox 1469 1952 1711 2040; x_wconf 84' lang='lat' dir='ltr'><strong>aliquis</strong></span> <span class='ocrx_word' id='word_1_184' title='bbox 1753 1955 2093 2018; x_wconf 75' lang='lat' dir='ltr'><strong>incusatus</strong></span> <span class='ocrx_word' id='word_1_185' title='bbox 2150 1973 2269 2038; x_wconf 85' lang='lat' dir='ltr'><strong>pro</strong></span> <span class='ocrx_word' id='word_1_186' title='bbox 2324 1950 2614 2016; x_wconf 79' lang='lat' dir='ltr'><strong>vulneri-</strong></span> 
     </span>
     <span class='ocr_line' id='line_1_43' title="bbox 1471 2038 2609 2126; baseline -0.005 -21"><span class='ocrx_word' id='word_1_187' title='bbox 1471 2040 1599 2105; x_wconf 87' lang='lat' dir='ltr'><strong>bus</strong></span> <span class='ocrx_word' id='word_1_188' title='bbox 1619 2039 1726 2105; x_wconf 82' lang='lat' dir='ltr'><strong>vel</strong></span> <span class='ocrx_word' id='word_1_189' title='bbox 1756 2060 1875 2126; x_wconf 88' lang='lat' dir='ltr'><strong>pro</strong></span> <span class='ocrx_word' id='word_1_190' title='bbox 1918 2039 2065 2104; x_wconf 84' lang='lat' dir='ltr'><strong>aliis</strong></span> <span class='ocrx_word' id='word_1_191' title='bbox 2110 2038 2361 2104; x_wconf 85' lang='lat' dir='ltr'><strong>causis:</strong></span> <span class='ocrx_word' id='word_1_192' title='bbox 2407 2038 2609 2101; x_wconf 85' lang='lat' dir='ltr'><strong>inter-</strong></span> 
     </span>
     <span class='ocr_line' id='line_1_44' title="bbox 1470 2125 2611 2212; baseline -0.006 -18"><span class='ocrx_word' id='word_1_193' title='bbox 1470 2135 1739 2212; x_wconf 81' lang='lat' dir='ltr'><strong>rogatus</strong></span> <span class='ocrx_word' id='word_1_194' title='bbox 1827 2125 1911 2191; x_wconf 90' lang='lat' dir='ltr'><strong>de</strong></span> <span class='ocrx_word' id='word_1_195' title='bbox 1988 2125 2092 2190; x_wconf 86' lang='lat' dir='ltr'><strong>his</strong></span> <span class='ocrx_word' id='word_1_196' title='bbox 2164 2125 2611 2190; x_wconf 81' lang='lat' dir='ltr'><strong>testimonium</strong></span> 
     </span>
     <span class='ocr_line' id='line_1_45' title="bbox 1473 2211 2613 2300; baseline -0.004 -21"><span class='ocrx_word' id='word_1_197' title='bbox 1473 2213 1818 2300; x_wconf 88' lang='lat' dir='ltr'><strong>perhibere</strong></span> <span class='ocrx_word' id='word_1_198' title='bbox 1886 2213 2159 2299; x_wconf 87' lang='lat' dir='ltr'><strong>poterit,</strong></span> <span class='ocrx_word' id='word_1_199' title='bbox 2220 2214 2389 2276; x_wconf 86' lang='lat' dir='ltr'><strong>sicut</strong></span> <span class='ocrx_word' id='word_1_200' title='bbox 2446 2211 2613 2276; x_wconf 85' lang='lat' dir='ltr'><strong>alter</strong></span> 
     </span>
     <span class='ocr_line' id='line_1_46' title="bbox 1473 2297 2611 2387; baseline -0.004 -21"><span class='ocrx_word' id='word_1_201' title='bbox 1473 2301 1727 2387; x_wconf 76' lang='lat' dir='ltr'><strong>juratus</strong></span> <span class='ocrx_word' id='word_1_202' title='bbox 1810 2300 1937 2366; x_wconf 88' lang='lat' dir='ltr'><strong>nisi</strong></span> <span class='ocrx_word' id='word_1_203' title='bbox 2004 2309 2165 2364; x_wconf 83' lang='lat' dir='ltr'><strong>tunc</strong></span> <span class='ocrx_word' id='word_1_204' title='bbox 2230 2297 2317 2364; x_wconf 89' lang='lat' dir='ltr'><strong>ab</strong></span> <span class='ocrx_word' id='word_1_205' title='bbox 2386 2298 2611 2384; x_wconf 90' lang='lat' dir='ltr'><strong>aliquo</strong></span> 
     </span>
     <span class='ocr_line' id='line_1_47' title="bbox 1465 2386 2612 2474; baseline -0.004 -21"><span class='ocrx_word' id='word_1_206' title='bbox 1465 2389 1837 2474; x_wconf 80' lang='lat' dir='ltr'><strong>juratorum</strong></span> <span class='ocrx_word' id='word_1_207' title='bbox 1904 2408 2094 2452; x_wconf 88' lang='lat' dir='ltr'><strong>suum</strong></span> <span class='ocrx_word' id='word_1_208' title='bbox 2161 2386 2612 2451; x_wconf 85' lang='lat' dir='ltr'><strong>testimonium</strong></span> 
     </span>
     <span class='ocr_line' id='line_1_48' title="bbox 1477 2472 2612 2560; baseline -0.003 -20"><span class='ocrx_word' id='word_1_209' title='bbox 1477 2497 1735 2540; x_wconf 84' lang='lat' dir='ltr'><strong>cassum</strong></span> <span class='ocrx_word' id='word_1_210' title='bbox 1768 2482 1833 2538; x_wconf 86' lang='lat' dir='ltr'><strong>et</strong></span> <span class='ocrx_word' id='word_1_211' title='bbox 1862 2496 2107 2540; x_wconf 80' lang='lat' dir='ltr'><strong>vanum</strong></span> <span class='ocrx_word' id='word_1_212' title='bbox 2134 2472 2612 2560; x_wconf 87' lang='lat' dir='ltr'><strong>comprobetur.</strong></span> 
     </span>
     <span class='ocr_line' id='line_1_49' title="bbox 1648 2559 2618 2646; baseline -0.002 -22"><span class='ocrx_word' id='word_1_213' title='bbox 1648 2560 1901 2626; x_wconf 90' lang='lat' dir='ltr'><strong>XXVI.</strong></span> <span class='ocrx_word' id='word_1_214' title='bbox 1972 2562 2072 2624; x_wconf 86' lang='lat' dir='ltr'><strong>De</strong></span> <span class='ocrx_word' id='word_1_215' title='bbox 2099 2559 2303 2646; x_wconf 81' lang='lat' dir='ltr'><strong>fabro</strong></span> <span class='ocrx_word' id='word_1_216' title='bbox 2329 2560 2618 2645; x_wconf 78' lang='lat' dir='ltr'><strong>faciente</strong></span> 
     </span>
     <span class='ocr_line' id='line_1_50' title="bbox 1459 2646 2617 2735; baseline -0.003 -23"><span class='ocrx_word' id='word_1_217' title='bbox 1459 2647 1683 2735; x_wconf 75' lang='lat' dir='ltr'><strong>falsas</strong></span> <span class='ocrx_word' id='word_1_218' title='bbox 1706 2647 1928 2712; x_wconf 76' lang='lat' dir='ltr'><strong>claves.</strong></span> <span class='ocrx_word' id='word_1_219' title='bbox 1974 2646 2266 2734; x_wconf 83' lang='lat' dir='ltr'><strong>Expedit</strong></span> <span class='ocrx_word' id='word_1_220' title='bbox 2300 2650 2517 2728; x_wconf 86' lang='lat' dir='ltr'><strong>etiam,</strong></span> <span class='ocrx_word' id='word_1_221' title='bbox 2543 2653 2617 2710; x_wconf 85' lang='lat' dir='ltr'><strong>ut</strong></span> 
     </span>
     <span class='ocr_line' id='line_1_51' title="bbox 1477 2731 2611 2820; baseline -0.005 -20"><span class='ocrx_word' id='word_1_222' title='bbox 1477 2735 1872 2820; x_wconf 87' lang='lat' dir='ltr'><strong>quicumque</strong></span> <span class='ocrx_word' id='word_1_223' title='bbox 1894 2731 2231 2798; x_wconf 83' lang='lat' dir='ltr'><strong>fabrorum</strong></span> <span class='ocrx_word' id='word_1_224' title='bbox 2254 2733 2453 2797; x_wconf 84' lang='lat' dir='ltr'><strong>alicui</strong></span> <span class='ocrx_word' id='word_1_225' title='bbox 2469 2733 2611 2799; x_wconf 86' lang='lat' dir='ltr'><strong>viro</strong></span> 
     </span>
     <span class='ocr_line' id='line_1_52' title="bbox 1477 2818 2617 2887; baseline -0.004 0"><span class='ocrx_word' id='word_1_226' title='bbox 1477 2820 1585 2887; x_wconf 87' lang='lat' dir='ltr'><strong>vel</strong></span> <span class='ocrx_word' id='word_1_227' title='bbox 1650 2820 1910 2886; x_wconf 87' lang='lat' dir='ltr'><strong>mulieri</strong></span> <span class='ocrx_word' id='word_1_228' title='bbox 1976 2819 2178 2886; x_wconf 84' lang='lat' dir='ltr'><strong>falsas</strong></span> <span class='ocrx_word' id='word_1_229' title='bbox 2244 2818 2465 2884; x_wconf 84' lang='lat' dir='ltr'><strong>claves</strong></span> <span class='ocrx_word' id='word_1_230' title='bbox 2509 2818 2617 2882; x_wconf 87' lang='lat' dir='ltr'><strong>vel</strong></span> 
     </span>
     <span class='ocr_line' id='line_1_53' title="bbox 1477 2903 2618 2988; baseline -0.004 -16"><span class='ocrx_word' id='word_1_231' title='bbox 1477 2927 1684 2972; x_wconf 84' lang='lat' dir='ltr'><strong>uncos</strong></span> <span class='ocrx_word' id='word_1_232' title='bbox 1728 2906 1979 2988; x_wconf 88' lang='lat' dir='ltr'><strong>fecerit,</strong></span> <span class='ocrx_word' id='word_1_233' title='bbox 2023 2916 2091 2972; x_wconf 88' lang='lat' dir='ltr'><strong>et</strong></span> <span class='ocrx_word' id='word_1_234' title='bbox 2132 2906 2189 2971; x_wconf 83' lang='lat' dir='ltr'><strong>si</strong></span> <span class='ocrx_word' id='word_1_235' title='bbox 2233 2926 2381 2969; x_wconf 86' lang='lat' dir='ltr'><strong>cum</strong></span> <span class='ocrx_word' id='word_1_236' title='bbox 2407 2903 2618 2976; x_wconf 83' lang='lat' dir='ltr'><strong>tribus</strong></span> 
     </span>
     <span class='ocr_line' id='line_1_54' title="bbox 1481 2992 2618 3077; baseline -0.005 -19"><span class='ocrx_word' id='word_1_237' title='bbox 1481 2992 1759 3060; x_wconf 84' lang='lat' dir='ltr'><strong>testibus</strong></span> <span class='ocrx_word' id='word_1_238' title='bbox 1790 2994 2005 3058; x_wconf 84' lang='lat' dir='ltr'><strong>victus</strong></span> <span class='ocrx_word' id='word_1_239' title='bbox 2028 2993 2243 3074; x_wconf 83' lang='lat' dir='ltr'><strong>fuerit,</strong></span> <span class='ocrx_word' id='word_1_240' title='bbox 2268 3013 2469 3055; x_wconf 85' lang='lat' dir='ltr'><strong>manu</strong></span> <span class='ocrx_word' id='word_1_241' title='bbox 2489 2992 2618 3077; x_wconf 89' lang='lat' dir='ltr'><strong>pri·-</strong></span> 
     </span>
     <span class='ocr_line' id='line_1_55' title="bbox 1481 3076 2614 3160; baseline -0.005 -14"><span class='ocrx_word' id='word_1_242' title='bbox 1481 3089 1691 3160; x_wconf 86' lang='lat' dir='ltr'><strong>vetur,</strong></span> <span class='ocrx_word' id='word_1_243' title='bbox 1736 3078 1844 3146; x_wconf 82' lang='lat' dir='ltr'><strong>vel</strong></span> <span class='ocrx_word' id='word_1_244' title='bbox 1866 3101 2009 3144; x_wconf 85' lang='lat' dir='ltr'><strong>eam</strong></span> <span class='ocrx_word' id='word_1_245' title='bbox 2035 3079 2313 3144; x_wconf 89' lang='lat' dir='ltr'><strong>redimet</strong></span> <span class='ocrx_word' id='word_1_246' title='bbox 2356 3099 2509 3142; x_wconf 89' lang='lat' dir='ltr'><strong>cum</strong></span> <span class='ocrx_word' id='word_1_247' title='bbox 2550 3076 2614 3140; x_wconf 91' lang='lat' dir='ltr'><strong>X</strong></span> 
     </span>
     <span class='ocr_line' id='line_1_56' title="bbox 1483 3165 2621 3251; baseline -0.004 -19"><span class='ocrx_word' id='word_1_248' title='bbox 1483 3168 1755 3243; x_wconf 83' lang='lat' dir='ltr'><strong>marcis3</strong></span> <span class='ocrx_word' id='word_1_249' title='bbox 1830 3165 1945 3230; x_wconf 84' lang='lat' dir='ltr'><strong>sed</strong></span> <span class='ocrx_word' id='word_1_250' title='bbox 2012 3167 2067 3231; x_wconf 88' lang='lat' dir='ltr'><strong>si</strong></span> <span class='ocrx_word' id='word_1_251' title='bbox 2134 3188 2206 3230; x_wconf 86' lang='lat' dir='ltr'><strong>se</strong></span> <span class='ocrx_word' id='word_1_252' title='bbox 2252 3184 2621 3251; x_wconf 79' lang='lat' dir='ltr'><strong>expurgare</strong></span> 
     </span>
     <span class='ocr_line' id='line_1_57' title="bbox 1482 3252 2621 3335; baseline -0.004 -16"><span class='ocrx_word' id='word_1_253' title='bbox 1482 3252 1782 3335; x_wconf 84' lang='lat' dir='ltr'><strong>voluerit,</strong></span> <span class='ocrx_word' id='word_1_254' title='bbox 1850 3252 2243 3318; x_wconf 83' lang='lat' dir='ltr'><strong>met-tertius</strong></span> <span class='ocrx_word' id='word_1_255' title='bbox 2310 3253 2381 3315; x_wconf 83' lang='lat' dir='ltr'><strong>in</strong></span> <span class='ocrx_word' id='word_1_256' title='bbox 2427 3270 2621 3316; x_wconf 88' lang='lat' dir='ltr'><strong>cruce</strong></span> 
     </span>
     <span class='ocr_line' id='line_1_58' title="bbox 1486 3336 2625 3426; baseline -0.004 -20"><span class='ocrx_word' id='word_1_257' title='bbox 1486 3337 1845 3426; x_wconf 77' lang='lat' dir='ltr'><strong>praestabit</strong></span> <span class='ocrx_word' id='word_1_258' title='bbox 1888 3340 2359 3422; x_wconf 80' lang='lat' dir='ltr'><strong>juramentum3</strong></span> <span class='ocrx_word' id='word_1_259' title='bbox 2384 3336 2465 3402; x_wconf 87' lang='lat' dir='ltr'><strong>de</strong></span> <span class='ocrx_word' id='word_1_260' title='bbox 2496 3338 2625 3402; x_wconf 86' lang='lat' dir='ltr'><strong>ista</strong></span> 
     </span>
     <span class='ocr_line' id='line_1_59' title="bbox 1486 3423 2626 3514; baseline -0.004 -22"><span class='ocrx_word' id='word_1_261' title='bbox 1486 3448 1700 3514; x_wconf 86' lang='lat' dir='ltr'><strong>poena</strong></span> <span class='ocrx_word' id='word_1_262' title='bbox 1744 3423 1931 3490; x_wconf 89' lang='lat' dir='ltr'><strong>cedet</strong></span> <span class='ocrx_word' id='word_1_263' title='bbox 1972 3426 2163 3491; x_wconf 85' lang='lat' dir='ltr'><strong>tertia</strong></span> <span class='ocrx_word' id='word_1_264' title='bbox 2205 3447 2357 3513; x_wconf 85' lang='lat' dir='ltr'><strong>pars</strong></span> <span class='ocrx_word' id='word_1_265' title='bbox 2400 3423 2626 3504; x_wconf 82' lang='lat' dir='ltr'><strong>actori,</strong></span> 
     </span>
     <span class='ocr_line' id='line_1_60' title="bbox 1487 3511 2477 3599; baseline -0.003 -18"><span class='ocrx_word' id='word_1_266' title='bbox 1487 3515 1683 3581; x_wconf 85' lang='lat' dir='ltr'><strong>tertia</strong></span> <span class='ocrx_word' id='word_1_267' title='bbox 1715 3512 1948 3599; x_wconf 89' lang='lat' dir='ltr'><strong>judici,</strong></span> <span class='ocrx_word' id='word_1_268' title='bbox 1992 3513 2186 3578; x_wconf 79' lang='lat' dir='ltr'><strong>tertia</strong></span> <span class='ocrx_word' id='word_1_269' title='bbox 2227 3511 2477 3597; x_wconf 74' lang='lat' dir='ltr'><strong>juratis.</strong></span> 
     </span>
    </p>
   </div>
  </div>
 </body>
</html>
