3150 5017
1511 330 1947 396 ...76-

559 502 724 569 duos
789 502 898 568 vel
963 502 1186 591 plures
1252 502 1560 569 honestos
1628 504 1838 582 viros,
1906 525 2125 571 coram
2194 501 2435 590 quibus
2516 502 2688 569 idem
2770 511 2919 568 met-

557 591 886 656 secundus
931 588 1241 678 praebeat
1281 597 1781 656 sacramentum.

730 677 829 742 16.
875 677 1004 742 Pro
1025 676 1300 742 vulnere
1325 697 1500 760 vero,
1529 679 1587 742 si
1610 699 1803 764 quem
1828 677 2175 764 contigerit
2199 677 2675 764 proscriptione
2700 675 2918 761 damp-

557 763 724 844 nari,
767 765 837 828 in
880 765 1032 848 ipsa
1075 770 1263 830 extra
1307 763 1641 828 civitatem
1688 785 1807 830 sex
1866 763 2252 831 ebdomadis
2308 761 2757 850 permanebit3
2815 783 2924 847 per

562 848 738 936 quod
783 851 1066 937 spatium
1111 851 1166 914 si
1215 848 1296 914 de
1342 871 1545 917 causa
1590 861 1657 916 et
1700 852 1897 938 culpa
1940 872 2061 916 sua
2120 872 2251 916 non
2298 849 2737 936 composuerit
2780 869 2921 912 cum

544 936 774 1023 judice
819 946 886 1002 et
927 945 1167 1018 actore,
1229 957 1346 1000 sex
1405 937 1552 1003 aliis
1612 936 1994 1004 ebdomadis
2038 945 2228 1003 extra
2271 937 2599 1001 civitatem
2646 955 2921 999 commo·

551 1023 805 1088 rabitur
847 1024 1112 1107 iterat03
1158 1030 1224 1087 et
1268 1024 1323 1088 si
1368 1024 1633 1110 quidem
1678 1023 1893 1090 adhuc
1936 1045 2329 1110 componere
2372 1021 2739 1110 neglexerit
2780 1041 2923 1086 cum

551 1108 823 1191 eisdem,
867 1131 1114 1174 annum
1161 1119 1228 1175 et
1269 1109 1440 1175 diem
1488 1119 1677 1176 extra
1720 1111 2051 1178 civitatem
2097 1108 2409 1176 manebit.

724 1194 794 1259 Si
840 1217 996 1262 vero
1041 1217 1233 1262 versa
1276 1198 1421 1263 vice
1467 1219 1537 1262 se
1600 1205 1944 1284 suspectus
2004 1198 2219 1262 facere
2281 1194 2562 1261 voluerit
2620 1195 2925 1258 innocen-

552 1292 706 1364 tem,
752 1291 1074 1368 expurget
1095 1303 1166 1348 se
1191 1283 1624 1370 met-quintus
1669 1282 2110 1369 probabilium
2154 1283 2465 1348 virorum.
2511 1280 2761 1362 Quodsi
2784 1302 2924 1366 pro·

554 1389 807 1433 cessum
828 1390 959 1434 non
977 1368 1300 1451 habuerit,
1342 1373 1601 1436 intrans
1634 1370 1899 1435 domum
1919 1371 1985 1434 X
2002 1369 2271 1450 talenta,
2296 1367 2639 1454 egrediens
2664 1367 2926 1432 domum

551 1455 619 1521 X
677 1455 927 1523 talenta
983 1458 1344 1544 persolvet,
1409 1477 1686 1544 quorum
1746 1459 1959 1544 prima
2018 1478 2173 1544 pars
2232 1455 2468 1538 judici,
2515 1452 2721 1519 altera
2775 1473 2927 1539 pars

552 1545 776 1625 actori,
821 1544 1016 1608 tertia
1061 1563 1215 1608 vero
1263 1543 1509 1608 civitati
1556 1543 1869 1626 solvetur,
1914 1552 1982 1609 et
2025 1545 2079 1609 si
2144 1543 2490 1629 pecuniam
2548 1561 2683 1606 non
2727 1538 2927 1605 habu·

551 1629 693 1713 erit,
736 1650 1002 1693 manum
1049 1629 1321 1694 amittat.

729 1715 826 1781 17.
871 1714 1186 1781 Volumus
1231 1736 1508 1802 quoque,
1554 1724 1629 1782 ut
1671 1717 2043 1803 quicunque
2068 1735 2339 1782 manens
2375 1715 2446 1782 in
2470 1714 2733 1780 civitate
2775 1733 2924 1776 cum

551 1799 808 1865 civibus
845 1803 1000 1887 jura
1043 1803 1324 1867 tenuerit
1366 1804 1676 1870 universa
1716 1812 1849 1868 tam
1896 1803 1965 1868 in
2001 1801 2290 1889 judicio,
2336 1823 2533 1888 quam
2593 1804 2662 1866 in
2721 1798 2924 1864 colec·

553 1888 660 1970 tis,
705 1887 789 1952 ab
835 1889 1014 1953 omni
1059 1886 1314 1954 teloneo
1359 1889 1599 1955 debeat
1640 1911 1785 1956 esse
1832 1889 2017 1954 liber.

729 1976 828 2040 18.
875 1975 1320 2062 Praecipimus
1380 1977 1574 2040 etiam
1594 2025 1611 2057 ,
1682 1976 1856 2062 quod
1902 1976 2277 2062 quicunque
2330 1973 2415 2038 ad
2474 1993 2760 2060 pugnam
2822 1971 2925 2036 vel

551 2060 762 2127 rixam
808 2069 995 2127 tenso
1039 2083 1196 2126 arcu
1240 2061 1348 2126 vel
1393 2060 1657 2128 ballista
1693 2064 2065 2145 accesserit,
2104 2061 2315 2149 judici
2358 2061 2486 2127 tria
2527 2060 2794 2140 talenta,
2839 2058 2924 2123 ci·

550 2148 742 2214 vitati
787 2169 943 2214 vero
992 2148 1120 2212 duo
1166 2147 1395 2213 solvat.

728 2236 824 2300 19.
871 2235 1104 2302 Omnis
1149 2255 1426 2321 quoque,
1473 2237 1587 2320 qui
1632 2233 1737 2301 die
1781 2234 2025 2302 forensi
2062 2236 2133 2299 in
2158 2233 2299 2300 foro
2344 2253 2495 2299 cum
2538 2231 2783 2298 forensi
2812 2253 2921 2317 po-

593 2321 726 2403 ulo,
772 2320 950 2407 quod
991 2320 1282 2406 gladium
1329 2321 1414 2386 ad
1456 2342 1817 2406 gravamen
1860 2321 2143 2409 alicujus
2187 2319 2551 2401 nudaverit,
2592 2319 2922 2386 convictus

581 2408 764 2488 uerit,
815 2406 1014 2472 ‘udici
1060 2406 1191 2471 duo
1234 2405 1500 2488 talenta,
1547 2409 1796 2474 civitati
1856 2410 1983 2474 tria
2033 2414 2420 2494 componet,
2482 2408 2538 2471 si
2582 2407 2921 2493 pecuniam

551 2513 682 2558 non
729 2494 815 2557 ha
863 2494 1048 2574 uerit,
1093 2515 1326 2558 manus
1369 2495 1576 2579 ipsius
1619 2494 2091 2561 transfodiatur
2134 2491 2417 2560 cultello.

725 2579 831 2644 20.
875 2579 948 2644 Si
993 2580 1337 2666 quisquam
1384 2581 1625 2646 civium
1672 2583 1869 2648 alicui
1912 2584 1981 2646 in
2008 2581 2226 2647 debito
2262 2589 2581 2661 teneatur,
2618 2587 2751 2644 tres
2786 2577 2920 2644 dies

553 2666 1026 2752 peremptorios
1069 2664 1363 2732 solvendi
1407 2666 1664 2749 habeat,
1708 2668 1817 2734 vel
1862 2666 2262 2734 absolvatur.

726 2752 829 2816 21.
873 2752 1040 2817 Item
1075 2752 1446 2839 quicunque
1470 2754 1491 2816 i
1514 2753 1783 2841 naliquo
1805 2754 1978 2822 furto
2017 2753 2492 2840 deprebrensus
2516 2752 2732 2834 fuerit,
2756 2749 2919 2852 quod

551 2840 897 2924 sexaginta
939 2839 1242 2905 denarios
1287 2840 1521 2917 valeat,
1565 2841 1991 2928 suspendium
2038 2841 2363 2927 patietur3
2422 2839 2481 2903 si
2523 2859 2679 2903 vero
2726 2857 2915 2902 mino·

551 2925 641 2990 ris
684 2924 928 2991 valoris
987 2925 1207 3008 fuerit,
1269 2946 1402 2990 non
1463 2927 1939 3014 suspendetur,
2000 2927 2115 2993 sed
2177 2926 2263 2992 ad
2328 2915 2547 2991 nciam
2616 2924 2916 2990 infamiae

551 3010 722 3078 ferro
766 3014 974 3097 ignito
1019 3011 1512 3098 consignabitur
1553 3015 1622 3077 in
1668 3012 1854 3094 facie,
1898 3023 1973 3079 ut
2016 3023 2115 3080 est
2157 3012 2376 3077 moris.

723 3099 825 3165 22.
873 3098 943 3164 Si
989 3099 1134 3185 quis
1178 3097 1561 3164 vulneratus
1606 3100 1803 3167 fuerit
1845 3099 2040 3183 adeo,
2096 3107 2169 3163 ut
2214 3098 2301 3164 ad
2344 3096 2659 3184 judicium
2704 3098 2915 3162 venire

551 3205 685 3250 non
727 3185 936 3270 possit
993 3193 1059 3250 et
1117 3205 1308 3271 posse
1368 3186 1649 3253 evadere
1709 3207 1842 3252 non
1888 3195 2157 3273 putatur
2220 3194 2288 3252 et
2350 3205 2453 3249 res
2517 3180 2713 3270 hujus
2774 3181 2915 3248 facti

553 3269 638 3335 ad
678 3269 997 3356 judicium
1044 3272 1329 3338 venerit:
1379 3271 1595 3357 judex
1638 3281 1862 3340 teneat
1918 3275 2134 3360 ipsum
2202 3272 2314 3360 qui
2380 3269 2535 3336 fecit
2594 3271 2913 3355 captivum

553 3355 781 3437 donec,
827 3357 884 3420 si
928 3355 1312 3423 vulneratus
1356 3361 1561 3442 possit
1602 3360 1903 3442 evadere,
1947 3360 2285 3442 videatur;
2330 3359 2387 3422 si
2430 3376 2587 3422 vero
2636 3357 2786 3444 quis
2808 3373 2914 3444 pro

551 3443 700 3529 ipso
746 3440 1023 3508 voluerit
1078 3444 1566 3530 fidejussionem
1637 3456 1967 3531 praestare
1990 3494 2005 3522 ‚
2073 3445 2431 3531 fidejubeat
2488 3464 2606 3528 pro
2665 3442 2919 3510 talentis

551 3529 1053 3683 fiffinffaginta'
1073 3528 1282 3596 donec
1325 3531 1430 3597 vel
1475 3530 1587 3596 ille
1631 3532 2051 3600 convalescat
2091 3532 2199 3600 vel
2244 3532 2577 3614 moriatur,
2601 3538 2668 3597 et
2702 3549 2921 3596 secun·

598 3637 704 3682 um
793 3635 874 3680 oc
912 3615 1234 3682 emendet.

723 3702 830 3771 23.
879 3699 1242 3769 Statuimus
1286 3705 1481 3770 etiam
1527 3705 1922 3788 firmissime,
1964 3706 2142 3794 quod
2188 3705 2561 3792 quicunque
2588 3702 2919 3769 mulierem

553 3789 894 3856 honestam
939 3789 1048 3856 vel
1091 3790 1410 3875 virginem
1458 3791 1526 3855 vi
1571 3794 1967 3879 oppresserit
2008 3792 2117 3859 vel
2160 3791 2471 3878 rapuerit,
2511 3800 2575 3858 et
2610 3788 2728 3854 illa
2758 3790 2923 3854 infra

553 3875 1044 3962 quatuordecim
1101 3875 1240 3942 dies
1285 3877 1657 3943 testimonio
1704 3877 1982 3944 duorum
2030 3877 2443 3945 credibilium
2508 3879 2799 3942 virorum
2858 3895 2921 3940 se

445 4025 452 4031 .
555 3962 930 4049 probaverit
975 3963 1415 4030 exclamasse:
1463 3961 1575 4029 ille
1619 3964 1809 4050 igniti
1854 3963 2011 4030 ferri
2058 3987 2128 4031 se
2180 3963 2435 4052 judicio
2498 3964 2917 4050 expurgavit3

555 4048 614 4113 si
656 4069 812 4114 vero
856 4047 968 4115 ille
1013 4070 1085 4114 se
1127 4069 1260 4114 non
1307 4051 1794 4136 expurgaverit,
1840 4052 2231 4118 sententiam
2276 4049 2623 4138 capitalem
2660 4047 2922 4116 subibit.

731 4135 1038 4201 Praetera
1061 4183 1079 4217 ‚
1125 4137 1180 4202 si
1225 4134 1342 4202 illa
1382 4135 1558 4203 infra
1604 4137 1745 4204 dies
1789 4147 2073 4225 quatuor
2116 4137 2329 4204 decim
2374 4136 2742 4203 testimonio
2788 4155 2921 4221 sep-

553 4229 690 4288 tem
733 4219 1144 4287 credibilium
1189 4224 1480 4289 virorum
1525 4221 1711 4290 illum
1758 4225 2133 4307 convicerit,
2178 4223 2365 4289 nulla
2386 4222 2512 4289 sibi
2551 4221 2921 4290 conceditur

551 4306 966 4396 expurgatio,
1009 4307 1125 4376 sed
1171 4309 1437 4396 capitali
1485 4312 1812 4377 sententia
1852 4313 2179 4399 punietur.
