3150 5017
1432 303 1907 372 -442-

473 477 612 543 suis
656 475 1107 563 stipendiariis
1169 484 1401 542 contra
1461 474 1872 562 praedictum
1931 472 2281 541 Albertum
2341 494 2460 541 nos
2511 472 2746 542 melius
2789 480 2858 540 et

472 564 808 652 potentius
898 572 1047 629 rout
1090 564 1575 650 praemisimus,
1623 563 2078 650 adjuvemus..

640 650 759 717 IV.
876 651 1271 718 remittimus
1315 651 1605 737 insuper,
1649 650 1842 718 salva
1897 651 1966 715 in
2044 646 2351 714 omnibus
2417 648 2481 715 A
2530 646 2850 713 ostolicae

474 736 649 803 sedis
692 738 1067 805 reverentia
1126 746 1191 802 et
1234 736 1410 803 cultu
1459 735 1859 802 christianae
1902 735 2077 817 fidei,
2122 756 2322 823 quam
2368 755 2486 821 pro
2534 743 2750 801 temur
2793 742 2862 799 et

474 822 773 891 columns
818 826 985 891 sicut
1030 822 1307 911 quilibet
1351 824 1488 890 veri
1534 822 1936 903 christianae
1981 821 2136 887 fidei
2194 821 2617 909 professores,
2679 818 2862 908 quod

470 913 529 979 si
572 911 875 997 ejusdem
920 911 1096 977 sedis
1141 912 1415 977 antistes
1460 931 1612 976 cum
1657 909 1994 997 praedicto
2039 930 2194 996 rege
2255 908 2600 990 Frmciae,
2641 908 2860 973 amico

472 1006 701 1064 nostro
747 998 1113 1081 carissimo,
1168 999 1238 1063 in
1301 997 1658 1065 concordia
1715 998 1942 1063 vivere
2001 1016 2359 1083 secumque
2418 992 2858 1061 amicabiliter

474 1094 648 1151 stare
694 1084 981 1151 noluerit
1024 1093 1089 1150 et
1133 1083 1219 1149 ad
1262 1086 1407 1172 ejus
1454 1083 1804 1171 dispendia
1851 1104 1920 1149 se
1964 1083 2336 1166 contulerit,
2383 1103 2504 1149 nos
2526 1103 2661 1149 una
2706 1102 2858 1147 cum

474 1172 741 1237 domino
807 1170 1066 1236 illustre
1141 1193 1296 1257 rege
1364 1170 1702 1257 Ungariae
1760 1170 2155 1237 Wenceslao
2215 1168 2352 1235 filio
2412 1176 2660 1252 nostro,
2720 1176 2860 1235 toto

475 1278 669 1346 posse
714 1258 1081 1325 detensioni
1124 1259 1504 1325 insistemus
1528 1258 1757 1343 ipsius,
1804 1257 1933 1324 sibi
1979 1256 2212 1323 adhoc
2235 1278 2494 1323 omnem
2539 1255 2860 1338 favorem,

477 1367 671 1433 quem
735 1346 1115 1431 poterimus,
1168 1344 1657 1430 impendemus,
1720 1353 1786 1411 et
1844 1344 1946 1410 his
2009 1343 2317 1411 omnibus
2360 1343 2862 1427 impeditionem

474 1441 612 1498 toto
657 1453 853 1519 posse
879 1431 1382 1518 praestabimus,
1430 1454 1548 1520 per
1571 1452 1742 1517 quae
1786 1438 2018 1497 contra
2061 1452 2212 1497 eum
2236 1431 2412 1497 idem
2435 1429 2862 1517 Apostolicae

474 1517 668 1585 Sedis
712 1520 988 1585 antistes
1031 1518 1235 1585 robur
1290 1520 1594 1605 accipiat,
1655 1518 1762 1583 vel
1823 1518 1914 1585 sd
1957 1517 2426 1585 offendendum
2473 1538 2632 1583 suae
2676 1516 2862 1584 forti-

474 1606 803 1673 ficationis
848 1604 1123 1673 haberet
1166 1616 1610 1691 augmentum.
1655 1609 1808 1692 Ipse
1853 1606 2052 1671 etiam
2099 1626 2222 1672 rex
2257 1605 2590 1671 Franciae
2629 1612 2698 1671 et
2742 1626 2864 1692 pro

477 1692 816 1781 praedicto
861 1691 996 1759 filio
1044 1702 1290 1775 nostro,
1339 1694 1393 1758 si
1460 1694 1604 1779 ipse
1665 1714 1961 1758 summus
2020 1692 2330 1779 pontifex
2389 1691 2734 1759 nobiseum
2758 1732 2768 1741 ·
2793 1700 2870 1757 et

476 1802 626 1847 cum
670 1780 807 1847 filio
852 1787 1078 1846 nostro
1122 1780 1460 1866 praedicto
1519 1778 1960 1846 amicabiliter
2017 1789 2195 1846 stare
2255 1778 2542 1847 noluerit
2617 1778 2732 1846 vel
2767 1778 2870 1850 ad

473 1874 703 1934 nostra
747 1867 857 1933 vel
902 1865 1061 1933 dicti
1104 1865 1223 1931 filii
1269 1868 1477 1933 nostri
1524 1866 1873 1953 dispendia
1935 1888 2008 1932 se
2069 1868 2490 1951 converterit,
2561 1866 2870 1955 promisit

446 1954 697 2021 'faeere
742 1952 909 2019 illud
952 1955 1149 2021 idem.
2561 2028 2568 2033 ,

652 2041 1021 2108 Praemissa
1045 2050 1265 2107 autem
1290 2049 1356 2107 et
1398 2040 1665 2127 singula
1687 2042 2012 2128 promissa
2035 2048 2262 2108 nostra
2305 2061 2590 2126 servare,
2635 2048 2873 2109 tenere

478 2136 545 2195 et
587 2128 970 2215 adimplere,
1016 2150 1095 2195 ac
1138 2135 1371 2193 contra
1399 2148 1479 2193 ea
1500 2150 1636 2195 non
1681 2128 1913 2195 venire
1957 2149 2080 2195 nee
2124 2127 2346 2196 facere
2390 2128 2866 2218 promittimus,

480 2214 635 2281 data
678 2223 745 2281 et
787 2217 1102 2303 praestita
1144 2236 1345 2302 super
1386 2215 1512 2282 hoc
1545 2216 1912 2303 juramenti
1957 2216 2225 2283 nomine
2247 2216 2422 2301 regis
2447 2216 2580 2283 fide
2609 2224 2872 2285 nostra.

652 2301 734 2369 In
778 2304 968 2391 cujus
1010 2303 1108 2369 rei
1150 2304 1600 2369 testimonium
1645 2310 1768 2370 etc.
2209 2332 2219 2343 ·

1612 2754 1753 2819 106.

483 2926 819 3014 statuta
842 2926 1241 3035 hospitum
1267 2931 1788 3012 mercatorum
1809 2926 2152 3033 Pragam
2168 2926 2873 3043 frequentantium.

1590 3118 1776 3185 1304.

483 3290 531 3346 E
566 3294 751 3345 codice
784 3292 947 3345 Urbis
983 3294 1240 3359 antiquae
1276 3293 1560 3360 Progensis
1615 3294 1762 3359 typis
1799 3294 2079 3357 exscripsit
2113 3292 2177 3344 Ε.
2212 3292 2274 3344 F.
2313 3290 2620 3346 Rfisslerius
2653 3294 2714 3343 in
2749 3292 2867 3345 col·

482 3364 717 3417 lectione
735 3377 863 3415 suat
880 3362 1152 3416 Deutsehe
1168 3362 1679 3415 Rechtsdenkmiiloe
1698 3378 1798 3415 aus
1815 3362 2060 3415 Bahman
2075 3362 2188 3415 und
2203 3360 2448 3416 Msshrsn.
2461 3362 2514 3415 1.
2533 3346 2874 3417 laxum

656 3517 795 3585 Nos
839 3516 1273 3585 Wenceslaus
1316 3554 1404 3569 --
1449 3554 1531 3567 --
1574 3554 1664 3567 —-

657 3612 887 3671 notum
934 3626 1077 3672 esse
1122 3603 1427 3671 volumus
1476 3640 1559 3655 -—-
1605 3640 1692 3653 -—-
1739 3638 1842 3685 ω,

484 3690 662 3779 quod
705 3693 1104 3759 universitas
1164 3694 1411 3758 civium
1470 3700 1738 3758 nostrae
1781 3692 2115 3777 Antiquae
2162 3690 2468 3759 Civitatis
2507 3691 2596 3757 Pr
2773 3692 2870 3760 sis

482 3800 608 3847 nec
652 3799 785 3844 non
832 3780 1014 3847 cives
1060 3780 1287 3845 Novae
1334 3778 1642 3846 Civitatis
1700 3778 2052 3865 Prsgensis
2112 3778 2236 3855 sub
2277 3788 2515 3861 castro,
2561 3779 2630 3844 vi
2680 3787 2870 3845 entes

402 3912 411 3915 -
486 3864 666 3953 quod
710 3867 895 3952 ipsse
942 3864 1245 3933 civitates
1289 3866 1499 3933 multa
1543 3865 1941 3932 detrimenta
1984 3876 2052 3931 et
2096 3865 2388 3952 dampna
2424 3866 2762 3952 recipiant
2800 3872 2870 3932 et

481 3956 851 4040 receperint
881 3975 921 4018 a
955 3952 1360 4039 temporibus
1405 3953 1748 4019 retroactis
1793 3960 2062 4040 propter
2103 3952 2414 4039 hospites,
2463 3952 2550 4019 de
2589 3950 2866 4039 quibus·

484 4059 747 4127 cunque
810 4041 1005 4107 terris
1073 4062 1192 4105 sua
1236 4039 1666 4107 mercimonia
1721 4037 1926 4125 ligata
1986 4046 2053 4106 et
2109 4060 2244 4104 non
2289 4038 2496 4125 ligata
2535 4039 2609 4104 in
2654 4038 2864 4105 dictas

484 4128 788 4195 civitates
805 4126 1233 4212 adducentes,
1256 4126 1338 4194 de
1360 4135 1589 4195 nostra
1613 4125 1884 4213 speciali
1899 4128 2114 4212 gratia
2133 4134 2203 4193 et
2217 4125 2444 4207 favore
2455 4133 2864 4193 statuerunt:

662 4216 718 4279 1.
764 4212 857 4279 Ut
902 4213 1428 4301 quandocunque
1474 4214 1634 4279 dicti
1691 4214 1985 4300 hospites
2029 4234 2176 4281 oum
2243 4213 2386 4280 suis
2423 4212 2868 4281 merei-onii·

486 4299 572 4365 ad
618 4301 828 4366 dictas
874 4301 1173 4367 civitates
1234 4302 1559 4385 venerint,
1615 4302 1690 4365 in
1749 4301 1913 4387 ipsis
1975 4298 2355 4367 civitatibus
2399 4308 2578 4367 stare
2619 4297 2866 4369 deb-nt

3137 1210 3140 1391 1

3141 2075 3144 2263 Ι
