3150 5017
1445 1127 1590 1200 102.

808 1302 979 1418 lus
1054 1305 1403 1448 regale
1479 1309 2202 1419 montanorum.

1036 1481 1491 1547 (Constitutionee
1519 1481 1659 1547 juris
1698 1480 1994 1544 metallici.)

1412 1599 1598 1665 1300.

508 1755 858 1808 wenceslaus
879 1757 953 1808 11.
972 1758 1227 1809 Boemiae
1263 1771 1359 1806 rex
1395 1756 1718 1822 praeclarus,
1756 1773 1877 1807 cum
1914 1772 2024 1807 non
2059 1763 2238 1822 posset
2273 1758 2596 1824 pervincere,
2637 1760 2696 1806 ut

297 1824 469 1875 codex
520 1825 701 1891 legum
754 1827 997 1878 civilium
1044 1826 1239 1892 quibus
1288 1841 1470 1877 omnes
1530 1828 1684 1892 regni
1732 1825 1944 1878 incolae
1997 1832 2320 1891 tenerentur,
2369 1826 2528 1891 jussu
2582 1824 2696 1889 ejus

294 1895 635 1960 conscriptus
671 1895 897 1947 comitiis
936 1897 1265 1964 probaretur,
1302 1897 1447 1961 leges
1484 1895 1677 1946 saltem
1715 1896 1910 1962 quibus
1945 1895 2204 1946 metallici
2241 1901 2530 1958 uterentur,
2569 1909 2696 1945 con—

294 1964 607 2015 scribendae
644 1965 869 2016 curavit.
946 1966 1078 2016 Inde
1114 1969 1288 2016 ortum
1324 1971 1405 2015 eet
1444 1965 1575 2026 „Jus
1613 1967 1794 2031 regale
1841 1968 2250 2016 montanorum“
2299 1980 2394 2016 eeu
2451 1965 2696 2026 „Consti--

294 2035 535 2084 tutionee
599 2032 737 2098 juris
803 2034 1121 2098 metallici,⁴‘
1190 2033 1705 2099 argentifodinarum
1761 2033 2148 2086 Chutneneium
2204 2033 2494 2085 cultoribus
2541 2048 2696 2099 prae-

291 2103 487 2168 primis
521 2103 797 2154 institutae
832 2108 994 2169 atque
1030 2105 1220 2155 editae.
1259 2103 1414 2166 Quod
1450 2105 1664 2168 quidem
1697 2104 1832 2169 juris
1853 2119 2044 2170 corpus
2081 2102 2322 2170 exemplo
2361 2118 2394 2154 a
2430 2103 2696 2172 Instituti-

292 2173 494 2222 onibue
529 2172 826 2224 ,Iustiniani
877 2175 1043 2241 petito
1078 2175 1138 2224 in
1174 2179 1405 2238 quatuor
1438 2173 1606 2226 libros
1643 2173 1987 2226 distributum
2025 2179 2120 2238 eet,
2175 2173 2402 2240 singulis
2436 2170 2591 2224 libris
2627 2173 2689 2222 in

300 2241 547 2308 capitula
582 2241 670 2292 vel
706 2242 890 2295 titulos
930 2243 1173 2308 digestis.

510 2311 616 2373 Qui
668 2311 903 2363 codicem
966 2311 1110 2363 hunc
1165 2312 1312 2363 Juris
1361 2311 1619 2363 metallici
1667 2313 2001 2380 conscripsit,
2051 2313 2252 2379 absque
2299 2311 2463 2363 dubio
2517 2309 2700 2361 nullus

292 2379 442 2432 alius
479 2385 577 2447 eet,
614 2395 776 2447 quam
810 2382 905 2433 ille
943 2383 1057 2445 „vir
1094 2383 1309 2448 sapiens
1346 2387 1399 2433 et
1434 2382 1704 2449 providae,
1743 2383 1999 2448 magister
2047 2383 2280 2436 Gozziue
2316 2381 2381 2432 de
2414 2381 2561 2432 Urbe
2594 2381 2700 2432 Ve-

292 2456 430 2514 tere,
468 2451 743 2516 utriusque
770 2451 909 2518 juria
932 2455 1043 2502 tam
1082 2452 1326 2502 canonici
1346 2465 1509 2517 quam
1543 2451 1718 2502 civilis
1753 2451 2018 2518 professor
2037 2452 2314 2518 idoneue,“
2357 2467 2513 2516 quem
2533 2449 2700 2500 Wen-

294 2519 515 2571 ceelaue
552 2534 646 2570 rex
682 2519 752 2572 ad
788 2519 1145 2572 conficiendae
1193 2526 1246 2571 et
1288 2521 1702 2572 conscribendas
1739 2521 1885 2588 leges
1935 2521 2122 2574 civiles
2175 2521 2440 2574 cardinali
2475 2517 2694 2571 Matheo

292 2589 491 2640 Rubeo
525 2589 795 2642 mediante
829 2592 889 2640 in
924 2591 1201 2642 Boemiam
1236 2596 1541 2642 vocaverat.
2135 2641 2138 2644 ,

512 2657 693 2710 Codex
738 2661 1133 2726 manuscriptus
1198 2660 1605 2724 antiquissimus
1665 2675 1806 2714 saec.
1860 2661 2027 2724 XIV„
2080 2662 2518 2712 membranaceus
2578 2655 2698 2724 p'ro-

292 2727 507 2778 miscue
542 2733 597 2779 et
617 2728 943 2793 chartaceus,
978 2729 1036 2780 in
1072 2727 1287 2780 archivo
1325 2729 1704 2781 celeberrimae
1739 2732 1920 2796 regiae
1954 2735 2243 2781 montanae
2279 2729 2510 2780 civitatis
2545 2727 2699 2778 Mon·

289 2798 371 2848 tie
408 2797 620 2848 Kutnae
656 2805 980 2865 asservatur,
1016 2797 1173 2865 cujus
1210 2803 1515 2850 contextum
1552 2798 1837 2864 diligenter
1881 2800 2207 2865 exscriptum
2243 2799 2331 2848 hic
2367 2797 2696 2848 exhibemus.

517 2867 582 2917 In
632 2867 818 2918 eodem
870 2868 1050 2919 codice
1098 2868 1459 2934 manuscripto
1496 2869 1756 2934 reperitur
1790 2870 1965 2920 versio
2001 2869 2324 2936 germanica,
2365 2882 2400 2917 a
2435 2867 2694 2932 magistro

294 2935 340 2986 J
342 2935 557 2986 ohanne
590 2936 656 2987 de
693 2937 1014 2990 Gelhaween
1048 2938 1375 3004 temporibus
1413 2937 1594 2989 Caroli
1629 2938 1724 2990 lv.
1762 2939 2022 2990 confecta.

748 3102 1072 3221 Pravo
1148 3104 1694 3222 kralovske
1769 3109 2246 3223 hornitie.

986 3303 1193 3370 (Κηίων
1227 3305 1357 3371 priv
1393 3302 1676 3355 homikom
1711 3301 2038 3371 vydanfeh.)
2103 3336 2108 3340 -

517 3439 619 3492 Jue
654 3451 712 3490 re
724 3441 847 3508 gale
882 3446 1256 3492 montanorum
1290 3449 1543 3509 vergente
1576 3442 1791 3495 saeculo
1826 3443 1943 3496 XV.
1979 3444 2038 3494 in
2073 3457 2369 3496 sermonem
2404 3441 2704 3493 boemicum

294 3509 672 3560 accuratieeim
691 3509 725 3538 Φ
774 3517 855 3563 eet
863 3509 1203 3564 tran'slatum.
1233 3512 1553 3578 Exemplum
1590 3512 1729 3577 quod
1765 3518 1938 3565 exstat
1969 3513 2414 3578 antiquissimum,
2448 3511 2709 3578 reperitur

307 3579 373 3628 in
408 3577 737 3630 bibliotheca
772 3581 948 3633 Musei
995 3581 1147 3648 regni
1182 3581 1464 3644 Boemia03
1521 3581 1704 3633 datum
1753 3587 1932 3634 autem
1981 3587 2061 3634 est
2095 3598 2237 3633 anno
2277 3585 2442 3644 14783
2479 3579 2704 3634 alterum

302 3647 379 3697 ab
416 3662 558 3699 anno
610 3650 760 3714 1490,
800 3651 1111 3702 servabatur
1146 3650 1286 3716 apud
1334 3650 1630 3718 Josephum
1677 3652 2138 3718 Jungmannium3
2192 3653 2408 3704 tertium
2456 3650 2523 3703 ab
2560 3663 2703 3701 anno

312 3717 471 3782 1528,
509 3718 841 3770 reconditum
879 3724 959 3771 est
993 3721 1051 3769 in
1086 3719 1413 3770 bibliotheca
1448 3736 1495 3772 c.
1530 3737 1573 3771 r.
1610 3723 1976 3774 universitatis
2011 3723 2312 3787 Prageneie.

520 3786 588 3838 In
624 3789 972 3841 exscribenda
1007 3790 1444 3855 interpretatione
1480 3793 1650 3842 secuti
1687 3805 1870 3842 eumue
1906 3791 2177 3857 exemplar
2193 3788 2549 3842 bibliothecae
2585 3789 2703 3840 uni—

306 3855 581 3906 versitatis
634 3855 921 3925 Prageneie
936 3896 951 3924 ,
988 3859 1175 3925 paucis
1212 3859 1593 3912 novationibue
1653 3861 1888 3926 exceptis
1939 3875 2060 3911 cum
2117 3857 2419 3926 exemplare
2473 3857 2705 3910 Mueeali

310 3939 630 3989 congruum.

429 4431 687 4478 Jirecekz
713 4431 877 4478 Codex.
906 4435 941 4475 1.
2217 4411 2298 4479 18
