3150 5017
474 308 609 357 m.
656 309 748 354 Π.
1026 272 1039 285 ”
1432 322 1511 337 -
1601 286 1731 353 416
1817 324 1904 337 —-

1484 462 1658 544 cap.
1703 459 1854 525 XV.

1416 631 1518 696 Da
1551 630 1930 717 maesta.

649 802 741 867 Ut
786 803 951 868 nihil
998 804 1080 869 de
1124 802 1661 889 contingentibus
1706 802 2109 885 obmittatur,
2169 806 2509 871 sciendum
2559 814 2676 887 est,
2723 806 2859 890 pri-

480 889 794 975 vilegium
838 890 909 953 in
955 912 1032 955 eo
1076 890 1340 955 differre
1386 888 1472 954 ab
1516 890 1975 971 instrumento,
2020 891 2193 978 quod
2241 892 2661 977 privilegium
2707 901 2858 956 tan-

477 987 614 1040 tum
683 977 975 1042 continet
1035 977 1147 1060 jus
1216 978 1568 1062 privatum,
1637 974 1754 1041 sed
1819 978 2332 1043 instrumentum
2401 978 2694 1043 continet
2743 978 2858 1063 jus

479 1084 843 1128 commune.

654 1152 714 1229 ἓ.
767 1148 823 1211 1.
914 1147 1035 1213 Jus
1082 1157 1301 1213 autem
1350 1150 1681 1234 privatum
1728 1147 2113 1213 conceditur
2157 1149 2244 1214 ad
2287 1170 2567 1235 magnas
2611 1170 2862 1235 preces,

479 1231 586 1297 vel
630 1234 716 1298 ob
782 1233 1005 1301 fidelia
1048 1236 1318 1299 servitia
1378 1234 1830 1314 subditorum;
1898 1233 2076 1299 unde
2135 1236 2192 1301 si
2237 1236 2654 1322 privilegium
2702 1258 2862 1300 con·

478 1316 605 1383 fert
646 1328 913 1389 tantum·
938 1321 1051 1405 jus
1126 1341 1492 1397 commune,
1554 1342 1691 1385 non
1753 1329 1854 1385 est
1911 1320 2353 1407 privilegium,
2415 1343 2570 1386 nam
2635 1344 2712 1386 su
2763 1344 2862 1387 er·

476 1404 685 1470 fluum
732 1416 829 1469 est
874 1407 999 1471 hoc
1066 1406 1375 1493 precibus
1440 1408 1812 1492 impetrare,
1882 1406 2060 1492 quod
2119 1409 2259 1493 jam
2324 1409 2667 1473 communi
2740 1429 2864 1493 ege

476 1494 865 1576 permissum
920 1501 1035 1556 est.
1107 1497 1167 1574 ξ.
1216 1494 1278 1557 2.
1324 1492 1412 1557 Et
1456 1492 1606 1557 ideo
1654 1492 2072 1577 privilegium
2119 1493 2360 1559 dicitur
2409 1492 2521 1559 lex
2625 1495 2861 1576 rivata,

524 1578 637 1641 uia
674 1581 788 1663 Jus
838 1576 1071 1644 tribuit
1118 1580 1427 1663 speciale.
1520 1582 1577 1660 ἓ.
1628 1580 1689 1643 3.
1757 1578 1924 1644 Item
1995 1579 2489 1665 privilegiorum
2603 1580 2719 1645 iud
2763 1589 2868 1645 est

479 1600 796 1743 dativum,
846 1664 1027 1728 aliud
1074 1666 1638 1747 confirmativum3
1685 1674 1900 1751 potest
1945 1667 2141 1731 etiam
2175 1680 2544 1753 utrumque,
2588 1676 2722 1731 tam
2748 1667 2864 1731 da·

481 1751 714 1831 tivum,
762 1771 957 1835 quam
1020 1752 1546 1816 confirmativum
1597 1752 1791 1815 simul
1835 1753 1905 1815 in
1951 1773 2083 1817 uno
2129 1752 2475 1838 privilegio
2521 1754 2867 1831 contineri,

484 1856 632 1900 cum
680 1835 845 1901 baec
874 1836 1175 1901 clausula
1197 1837 1565 1923 privilegiis
1592 1839 1902 1903 inseritur
1943 1838 2068 1903 hoc
2111 1838 2338 1905 modo:
2392 1839 2632 1927 „(Tali)
2677 1839 2868 1905 fideli

479 1930 705 1986 nostro
751 1923 834 1987 ob
904 1933 1093 2007 grata
1138 1925 1409 1997 servitia
1468 1923 1660 1999 nobis
1728 1944 1844 2009 per
1899 1923 1936 2009 ‘i
1987 1946 2130 1989 sum
2189 1925 2364 1989 facta
2449 1924 2736 1992 fideliter
2793 1934 2866 1991 et

475 2009 562 2071 im
614 2029 793 2089 ensa,
840 2008 1099 2093 (talem)
1146 2032 1286 2075 rem
1312 2009 1654 2090 donamus,
1699 2009 1948 2096 aut·(ta
1975 2009 2108 2096 em)
2157 2014 2682 2097 praerogativam
2708 2032 2864 2076 con·

473 2114 549 2158 ce
599 2094 767 2159 imus
844 2096 1105 2160 literam
1196 2118 1314 2181 per
1380 2106 1827 2181 praesentem;
1889 2105 1954 2161 et
2021 2118 2106 2162 ne
2181 2098 2386 2182 possit
2449 2098 2864 2183 inposterum

477 2189 705 2244 nostra
750 2180 1014 2246 donatio
1061 2180 1169 2247 vel
1215 2182 1552 2247 concessio
1574 2181 1660 2245 ab
1687 2182 1906 2267 aliquo
1941 2182 2193 2259 violari,
2239 2185 2451 2269 ipsam
2475 2184 2603 2249 sibi
2627 2183 2864 2249 eadem

478 2265 667 2331 litera
712 2276 1079 2333 nostrorum
1126 2267 1493 2353 sigillorum
1540 2269 1902 2333 munimine
1947 2270 2256 2334 roborata
2299 2291 2446 2335 cum
2489 2271 2670 2335 omni
2707 2272 2865 2356 jure

472 2352 747 2416 firmiter
791 2354 1312 2419 confirmamus.“
1362 2358 1421 2436 ξ.
1468 2356 1529 2419 4.
1589 2354 1812 2419 Etiam
1873 2365 1972 2419 est
2017 2356 2400 2421 differentia
2443 2358 2616 2422 inter
2661 2358 2862 2440 privi-

474 2437 720 2522 legium
764 2461 1087 2525 personae
1136 2438 1382 2522 datum,
1430 2439 1533 2505 vel
1579 2440 1769 2521 loco;
1818 2442 1872 2504 si
1920 2463 2258 2526 personae,
2295 2464 2427 2507 non
2453 2441 2862 2507 transcendit

474 2545 843 2608 personam,
891 2535 955 2590 et
1001 2528 1055 2589 si
1102 2526 1267 2607 loco,
1312 2535 1704 2611 perpetuum
1749 2537 1870 2592 est.
1959 2532 2019 2609 ξ.
2067 2530 2125 2593 5.
2214 2527 2383 2592 Item
2446 2528 2658 2593 multa
2702 2550 2857 2593 con-

478 2609 831 2684 sideranda
906 2620 1059 2675 sunt
1115 2611 1247 2692 illi,
1331 2621 1562 2677 contra
1622 2634 1815 2698 quem
1862 2613 2212 2699 privilegia
2276 2614 2701 2696 inducuntur,
2771 2636 2858 2679 an

478 2704 796 2781 perpetua
862 2698 1013 2778 sint,
1060 2720 1145 2761 an
1190 2697 1628 2783 temporalia?
1674 2698 1742 2764 Si
1807 2700 2214 2784 temporalia,
2276 2708 2342 2765 et
2390 2702 2533 2785 jam
2594 2711 2857 2785 tempus

477 2779 811 2845 effluxerit
870 2784 1273 2864 institutum,
1352 2785 1701 2870 privilegia
1780 2784 1900 2849 illa
1961 2785 2244 2871 amplius
2311 2808 2446 2851 non
2520 2786 2852 2852 valebunt.

475 2870 537 2948 ξ.
598 2868 659 2932 6.
707 2866 1277 2934 Considerandum
1339 2872 1534 2935 etiam
1584 2873 1726 2951 erit,
1788 2873 1842 2936 si
1887 2871 2108 2957 aliqua
2155 2872 2443 2937 conditio
2489 2874 2854 2959 privilegiis

474 2955 721 3017 inserta
766 2975 898 3018 non
922 2955 1121 3021 fuerit
1157 2956 1533 3042 adimpleta,
1581 2959 1813 3021 iterum
1841 2956 2005 3021 nihil
2027 2958 2334 3043 probant.
2381 2963 2440 3041 ξ.
2475 2962 2538 3041 7.
2581 2960 2672 3025 Et
2693 2958 2854 3024 haec

476 3038 877 3104 considerari
924 3051 1197 3126 oportet,
1244 3066 1328 3107 an
1379 3065 1493 3126 per
1539 3043 1848 3107 delictum
1897 3043 2002 3108 vel
2049 3043 2327 3110 abusum
2352 3042 2702 3131 privilegia
2723 3048 2853 3110 sint

475 3126 817 3191 exstincta.
866 3131 923 3208 ἓ.
971 3130 1031 3193 8.
1076 3128 1197 3193 Est
1240 3139 1305 3193 et
1346 3128 1515 3193 illud
1563 3127 2132 3207 considerandum,
2183 3132 2240 3194 si
2286 3132 2610 3215 posterius
2659 3133 2850 3217 privi-

474 3211 714 3295 legium
764 3216 1160 3279 mentionem
1208 3216 1409 3281 faeiat
1440 3215 1521 3281 de
1566 3216 1818 3301 priore3
1863 3238 1988 3281 nec
2033 3219 2314 3303 primum
2361 3228 2697 3304 appareat,
2734 3239 2848 3304 po-

478 3298 715 3363 sterius
761 3320 895 3364 non
939 3299 1206 3366 valebit.

1468 3700 1640 3783 Gap.
1683 3699 1871 3767 xvl.

1277 3818 1377 3883 Do
1408 3818 2045 3903 praesumptionibus.

644 3990 698 4075 ξ.
725 3990 776 4055 1.
795 3990 1251 4075 Praesumptio
1270 3992 1443 4055 enim
1464 3990 1828 4056 secundum
1845 3993 1958 4078 jus
1983 4002 2442 4060 montanorum
2461 4018 2610 4061 raro
2637 4018 2748 4083 per
2769 4018 2840 4060 se

471 4074 631 4139 facit
675 4075 937 4161 plenam
987 4077 1458 4162 probationem,
1506 4076 1624 4143 sed
1685 4078 2064 4164 semiplenis
2107 4081 2611 4167 probationibus
2658 4104 2834 4169 prae-

472 4169 601 4225 stat
668 4160 1161 4228 adminiculum.
1253 4163 1323 4227 Si
1392 4186 1547 4229 vero
1617 4163 1857 4251 aliquis
1925 4164 2256 4233 laborator
2321 4168 2519 4233 alicui
2589 4171 2657 4235 in
2722 4191 2834 4233 suo

469 4248 906 4331 argentifodio
976 4272 1091 4335 per
1136 4248 1403 4337 aliquod
1448 4258 1708 4336 tempus
1754 4250 2174 4335 laboraverit,
2235 4264 2300 4321 et
2345 4253 2651 4323 dominus
2695 4276 2832 4342 ope-
