3150 5017
1395 271 1869 338 -272--

443 473 578 540 ges,
630 452 681 517 si
730 450 895 516 ratio
941 457 1006 514 te
1055 455 1253 533 reget.
1319 449 1509 514 Patet
1553 469 1735 534 erge,
1776 447 1961 532 quod
2004 467 2153 510 cum
2220 443 2473 510 ratione
2518 445 2821 526 regentes

445 541 585 607 veri
633 537 972 623 regiminis
1019 537 1282 601 tramite
1329 544 1669 623 nequeunt
1712 536 1997 601 deviare.
2044 532 2338 619 Expedit
2358 533 2585 617 itaque
2626 526 2823 592 bonis

448 625 810 693 rectoribus
858 623 1211 707 diligenter
1266 625 1335 687 in
1383 625 1559 688 omni
1624 624 1943 708 regimine
1990 620 2343 701 custodire,
2402 639 2487 682 ne
2546 615 2825 680 nimium

447 711 781 780 humiliter
840 731 986 775 cum
1065 712 1202 775 suis
1279 710 1558 776 subditis
1638 709 2128 789 conversando,
2189 709 2483 794 ipsorum
2542 701 2822 768 vilescat

453 801 828 878 auctoritas,
890 819 966 862 eo
1028 796 1206 883 quod
1267 819 1352 862 ex
1413 796 1673 884 aequali
1734 797 2237 862 conversatione
2296 797 2665 858 contemtus
2710 809 2821 852 na·-

449 888 649 953 scitur
707 883 1082 970 dignitatis3
1151 904 1368 970 neque
1411 906 1498 949 ex
1541 885 1748 948 nimia
1806 884 2162 948 autoritate
2222 879 2347 945 sibi
2391 876 2669 944 reddant
2714 895 2822 961 po-

448 972 676 1062 pulum
723 992 1096 1052 onerosum,
1154 991 1306 1034 cum
1350 972 1729 1057 importuna
1772 971 2096 1056 asperitas
2158 968 2242 1033 ab
2288 965 2665 1031 obedientia
2709 982 2820 1047 po-

446 1059 670 1148 pulum
698 1057 1070 1124 exorbitare
1095 1056 1482 1144 compellat3
1529 1059 1625 1122 sic
1652 1058 1891 1138 omnia,
1946 1079 2114 1128 quae
2148 1076 2297 1120 cum
2342 1053 2597 1118 ratione
2641 1069 2823 1135 prae-

452 1148 779 1228 videntur,
841 1144 1118 1209 feliciori
1180 1146 1361 1208 exitu
1426 1146 1882 1210 terminentur.
1972 1145 2313 1209 Postremo
2372 1147 2589 1203 autem
2639 1156 2823 1222 prae-

455 1234 735 1320 cipimus
801 1230 1107 1295 omnibus
1166 1233 1410 1296 nostris
1471 1228 1867 1297 officialibus
1925 1230 2097 1296 hanc
2156 1250 2381 1294 curam
2442 1246 2589 1292 esse
2633 1243 2825 1310 prae-

451 1322 736 1407 cipuam,
777 1328 850 1384 ut
893 1317 1286 1398 libertatem,
1347 1339 1542 1404 quam
1608 1318 1735 1382 sibi
1782 1340 1823 1382 a
1868 1319 2005 1382 suis
2066 1313 2517 1403 superioribus
2563 1331 2825 1375 conser-

452 1429 610 1473 vare
655 1405 1052 1481 desiderant,
1116 1406 1310 1470 etiam
1378 1406 1512 1469 suis
1575 1403 2000 1470 inferioribus
2059 1404 2236 1469 bona
2297 1399 2671 1466 custodiant
2715 1417 2825 1460 vo-

451 1494 725 1559 luntate.
769 1493 871 1558 Ne
915 1499 1136 1556 autem
1185 1491 1530 1558 inferiores
1575 1515 1661 1558 ex
1704 1513 1781 1558 eo
1818 1501 2049 1556 contra
2072 1491 2443 1578 superiores
2487 1489 2557 1551 in
2603 1483 2827 1570 aliquo

451 1603 520 1647 se
565 1579 924 1660 extollant,
985 1576 1225 1662 regalis
1285 1580 1538 1664 gratiae
1618 1579 2064 1664 praecipimus
2125 1577 2249 1643 sub
2312 1575 2604 1654 obtentu,
2669 1591 2829 1656 qua-

447 1676 640 1733 tenus
684 1668 812 1752 ipsi
857 1665 1242 1732 honorando
1289 1687 1368 1729 ac
1399 1665 1768 1731 obediendo
1815 1667 2187 1752 superiores
2234 1664 2411 1729 omni
2456 1657 2833 1728 reverentia

450 1761 898 1833 revereantur,
944 1753 1037 1816 ita
1080 1760 1154 1816 ut
1197 1751 1469 1817 inferior
1527 1751 1775 1837 gradus
1819 1761 2136 1837 agnoscat
2162 1752 2485 1836 ⁸meritum
2533 1745 2831 1835 potioris,

457 1841 614 1927 quia
657 1839 818 1904 ordo
878 1839 1153 1903 rationis
1215 1838 1657 1920 confunditur,
1725 1841 1779 1903 si
1857 1840 2212 1925 unicuique
2289 1837 2500 1902 honor
2565 1831 2832 1898 debitus

450 1949 586 1992 non
633 1933 949 1991 servatur.
997 1925 1146 1988 Hoc
1190 1927 1364 1990 enim
1413 1926 1699 1990 edictum
1722 1947 2045 1990 summam
2094 1926 2385 1990 continet
2432 1921 2833 2007 aequitatem

455 2022 522 2078 et
589 2015 729 2078 sine
798 2014 1272 2112 cujuscumque
1331 2011 1792 2097 indignatione
1843 2014 2140 2097 justum3
2209 2013 2355 2097 quis
2402 2011 2576 2075 enim
2652 2025 2835 2091 sper-

454 2098 720 2165 nabitur
764 2098 939 2166 idem
975 2099 1089 2186 jus
1136 2096 1260 2163 s1bi
1306 2099 1469 2181 fieri,
1515 2099 1693 2186 quod
1740 2098 1929 2165 alteri
1976 2099 2271 2166 facturus
2316 2095 2465 2164 est?

1471 2619 1646 2702 Gap.
1693 2619 1813 2684 IV.

1191 2757 1293 2820 De
1337 2755 1548 2842 officio
1591 2755 2096 2823 urbico-ariorum.

628 2879 687 2956 ξ.
714 2875 770 2938 1.
793 2872 901 2938 Ad
927 2872 1218 2938 officium
1241 2873 1740 2941 urburariorum
1766 2878 2224 2966 principaliter
2248 2876 2615 2943 dinoscitur
2638 2874 2841 2960 perti·

449 2983 626 3043 nere,
651 2959 733 3024 de
752 2960 1056 3025 omnibus
1079 2959 1476 3026 utilitatibus
1493 2971 1560 3028 et
1577 2965 2091 3032 circumstantiis
2110 2965 2431 3030 montium
2453 2961 2837 3049 prospicere

447 3047 817 3133 vigilanter,
880 3047 1364 3133 utilitatemque
1411 3050 1659 3134 regiam
1726 3054 2077 3138 praecipue
2124 3060 2459 3137 tamquam
2508 3045 2837 3134 pupillam

448 3133 622 3199 oculi
683 3155 938 3197 summa
1005 3132 1416 3218 providentia
1478 3137 1829 3218 custodire,
1891 3161 1975 3204 ne
2036 3160 2154 3225 per
2200 3136 2541 3218 desidiam,
2607 3133 2837 3199 dolum

449 3219 560 3285 vel
621 3221 983 3285 versutiam
1045 3221 1434 3306 cujusquam
1502 3223 1570 3286 in
1633 3223 2111 3310 praejudicium
2176 3223 2483 3310 publicae
2527 3220 2836 3287 utilitatis

449 3306 700 3392 aliquid
719 3304 1153 3371 machinetur.
1201 3312 1258 3390 ξ.
1285 3309 1344 3372 2.
1373 3309 1667 3374 Pertinet
1684 3313 1881 3376 etiam
1929 3312 2015 3377 ad
2061 3311 2349 3376 officium
2399 3330 2645 3384 eorum,
2690 3307 2835 3373 fere

449 3393 670 3457 omnia
705 3392 860 3478 jura
922 3393 1240 3456 montium
1289 3394 1609 3476 conferre,
1674 3419 1823 3462 cum
1872 3398 2292 3464 distinctione
2338 3405 2581 3478 tamen,
2628 3415 2831 3480 quam

447 3480 623 3544 infra
668 3478 748 3544 de
794 3480 1124 3563 magistris
1165 3483 1486 3548 montium
1533 3483 1730 3567 plene
1776 3484 2087 3554 dicemus.
2134 3489 2192 3566 ἓ.
2218 3487 2279 3550 3.
2312 3483 2584 3549 Habent
2628 3481 2833 3546 etiam

449 3589 536 3632 ox
581 3587 699 3629 suo
746 3565 968 3630 officio
1029 3574 1437 3652 potestatem,
1499 3571 1806 3636 omnibus
1866 3573 2197 3658 magistris
2261 3572 2579 3636 montium
2645 3589 2833 3634 more

449 3651 640 3718 solito
687 3659 972 3718 statuere
1010 3655 1407 3738 juramenta,
1456 3665 1521 3722 et
1565 3659 1745 3743 ipsos
1806 3661 1860 3722 si
1921 3660 1992 3724 in
2038 3680 2156 3724 suo
2220 3657 2441 3723 officio
2485 3655 2832 3740 negligen-

453 3749 552 3804 tes
598 3739 862 3819 fuerint‚
911 3761 1271 3819 removere,
1321 3745 1375 3806 si
1423 3744 1643 3808 coloni
1690 3746 1758 3809 in
1786 3767 1865 3810 ea
1895 3755 2082 3828 parte
2119 3745 2373 3810 inventi
2420 3745 2664 3808 fuerint
2711 3740 2827 3807 de-

447 3825 620 3891 sides
645 3834 710 3890 et
732 3827 1005 3890 remissi.
1041 3831 1099 3909 §.
1125 3829 1186 3891 4.
1211 3830 1334 3893 Est
1358 3831 1553 3895 etiam
1579 3853 1806 3896 eorum
1830 3833 2034 3897 officii
2068 3854 2215 3897 cum
2230 3830 2471 3918 juratis
2504 3830 2830 3896 montium

449 3913 530 3977 de
587 3913 1021 3995 victualibus,
1085 3914 1365 4001 aliisque
1426 3918 1626 3982 rebus
1701 3920 1770 3984 in
1834 3918 2165 3984 montibus
2228 3918 2615 3982 necessariis
2679 3937 2827 4002 pro-

444 3997 597 4063 vide
643 3999 990 4082 ordinare,
1036 4011 1229 4087 prout
1275 4006 1605 4069 communi
1665 4005 1931 4071 utilitati
1976 4004 2214 4072 melius
2274 4004 2582 4068 noverint
2626 4024 2829 4089 expe·

448 4085 608 4166 dire,
669 4087 1056 4174 corrigendo
1123 4089 1473 4176 diligenter
1529 4093 1775 4172 omnia,
1836 4115 1921 4158 ex
1980 4092 2221 4178 quibus
2281 4089 2579 4156 culturae
2640 4111 2829 4155 mon-

445 4173 610 4272 tium
690 4182 912 4258 posset
981 4175 1435 4262 impedimenti
1504 4177 1756 4266 aliquid
1826 4181 2099 4260 exoriri,
2168 4181 2258 4242 ita
2322 4177 2415 4257 {ut
2480 4175 2827 4242 fidelitatis

448 4278 737 4408 ipsorum
801 4265 1169 4361 constantia
1228 4264 1436 4366 possit
1495 4267 1565 4331 in
1621 4265 1899 4368 Nostrae
1976 4264 2364 4331 Serenitatis
2388 4264 2826 4368 &praesentia

497 4365 667 4429 ignis
713 4344 1049 4412 favoribus
1095 4357 1324 4416 merito
1371 4352 1843 4418 commendari.
