3150 5017
1171 288 1653 368 -157-4

408 474 459 541 Ι.
507 475 634 556 Qui
697 471 1018 560 siquidem
1081 473 1362 539 barones
1423 473 1651 538 habito
1704 493 2067 560 perpensae
2112 473 2605 542 deliberationis

243 561 522 636 consilio,
585 563 652 624 in
695 560 1024 646 falsarios
1083 561 1386 646 primitus
1447 559 1855 645 proferentes
1900 563 2313 638 sententiam,
2376 575 2606 628 contra

247 651 412 733 ipsos
453 645 720 734 procedi
767 645 1004 712 debere
1049 645 1270 710 taliter
1316 646 1778 711 decreverunt:
1834 651 1893 728 ξ.
1959 652 2019 716 1.
2079 647 2269 728 Quod
2329 650 2383 712 si
2428 649 2607 712 fama

246 739 451 798 forsan
517 743 632 798 aut
697 734 982 819 suspicio
1048 731 1400 797 haberetur
1466 751 1583 797 seu
1650 734 2123 818 comperiretur
2166 733 2643 820 aliquomodo,-

254 822 314 883 in
353 821 539 884 bonis
587 841 701 884 seu
745 819 1108 884 hereditate
1153 816 1434 904 alicujus
1481 817 1747 882 baronis
1794 815 2030 883 falsa‘m
2078 822 2393 884 monetari
2414 841 2605 906 pecu·

250 908 428 986 niam,
472 905 580 970 vel
627 905 850 992 aliqua
894 904 1026 969 alia
1070 903 1325 969 falsitas
1371 905 1697 970 exerceri:
1758 904 1871 968 ille
1931 905 2093 970 baro
2136 907 2207 969 in
2254 909 2445 970 cu‘us
2489 905 2604 970 bo·

250 994 340 1056 nis
379 991 755 1078 hujusmodi
801 989 1058 1056 falsitas
1103 991 1446 1071 diceretur,
1493 1012 1613 1076 per
1656 1000 1905 1076 septem
1951 989 2233 1056 barones
2279 994 2333 1058 si
2382 993 2601 1056 icom-

250 1099 426 1162 pares
469 1078 666 1142 debet
711 1077 1036 1150 convinci,
1084 1077 1195 1162 qui
1233 1077 1438 1162 jurati
1485 1076 1837 1163 deponent,
1886 1077 2061 1163 quod
2106 1079 2175 1142 in
2225 1078 2412 1142 bonis
2458 1079 2601 1162 ejus

254 1165 312 1226 id
355 1165 563 1227 scelus
608 1164 806 1228 fuerit
855 1171 1335 1250 perpetratnm3
1381 1172 1447 1226 et
1490 1171 1650 1226 tunc
1694 1171 2039 1249 postquam
2085 1162 2183 1227 illi
2214 1174 2459 1248 septem
2497 1165 2601 1248 ju-

251 1259 539 1313 raverunt
601 1259 830 1314 contra
885 1252 1122 1335 ipsum,
1189 1251 1405 1312 statim
1468 1246 1550 1314 de
1617 1271 1897 1334 persona
1940 1259 2007 1314 et
2049 1249 2241 1314 bonis
2300 1251 2603 1314 omnibus

253 1338 440 1420 ipsius
505 1337 795 1400 convicti
854 1346 1189 1421 tamquam
1237 1337 1380 1420 jam
1441 1335 1780 1420 dampnati
1827 1335 2249 1421 disponemus
2296 1347 2360 1400 et
2404 1336 2602 1401 facie-

257 1445 398 1504 mus,
442 1433 706 1488 nostrae
751 1424 1092 1508 potestatis
1140 1429 1540 1507 exequentes
1588 1421 1893 1496 officium,
1940 1442 2058 1508 pro
2106 1432 2365 1487 nostrae
2426 1421 2599 1485 arbi-

252 1508 360 1571 trio
404 1509 780 1573 voluntatis.
871 1513 929 1589 ἓ.
977 1514 1036 1573 2.
1085 1508 1334 1588 Quodsi
1382 1507 1570 1572 miles
1619 1507 1723 1572 vel
1770 1507 2050 1594 alicujus
2080 1507 2346 1572 baronis
2370 1529 2600 1572 servus

251 1594 324 1658 de
364 1593 664 1659 falsitatis
710 1595 980 1658 crimine
1019 1601 1370 1678 ,suspectus
1417 1593 1682 1657 habitus
1726 1593 1939 1672 fuerit,
1984 1602 2049 1658 et
2094 1593 2416 1678 ejusmodi
2449 1615 2600 1658 reus

253 1680 492 1744 sceleris
538 1684 913 1766 impetatur,
959 1701 1076 1765 per
1119 1690 1368 1765 septem
1414 1681 1609 1755 viros,
1654 1681 1849 1744 etiam
1897 1681 1966 1742 in
2014 1681 2385 1745 conditione
2435 1681 2599 1765 ipsis

253 1769 553 1832 accusatis
601 1767 933 1853 aequaleS,
979 1767 1118 1830 sive
1163 1764 1350 1830 miles
1397 1776 1740 1829 accusatus
1786 1767 1985 1829 fuerit
2006 1768 2147 1831 sive
2194 1788 2441 1847 servus,
2490 1767 2603 1852 qui

251 1853 491 1935 quidem
523 1855 652 1918 viri
685 1854 879 1917 etiam
913 1852 993 1916 de
1023 1853 1298 1916 veritate
1345 1851 1625 1915 dicenda
1647 1853 2030 1934 juraverint,
2058 1854 2360 1917 convinci
2385 1852 2599 1933 debet,

253 1949 310 2000 et
349 1939 514 2024 quod
557 1961 718 2004 vera
764 1941 849 2002 sit
895 1937 976 2002 de
1035 1939 1198 2024 ipsis
1245 1938 1572 2002 accusatis
1618 1938 1905 2022 suspicio
1951 1939 2256 2019 excitata,
2305 1938 2600 2022 probari3

256 2032 467 2088 ettunc
483 2027 705 2090 statim
731 2025 812 2088 de
840 2026 1136 2110 personis
1153 2032 1218 2088 et
1235 2025 1424 2087 bonis
1469 2023 1759 2108 ipsorum
1810 2023 2259 2088 convictorum
2284 2023 2601 2088 faciemus

247 2108 418 2193 juxta
439 2121 700 2176 nostrae
717 2110 1202 2194 beneplacitum
1223 2109 1599 2173 voluntatis.
1622 2113 1681 2190 ξ.
1701 2115 1759 2174 3.
1779 2109 1927 2172 Hoc
1948 2108 2319 2194 specialiter
2336 2131 2601 2194 expres·

254 2197 520 2282 so,quod
544 2220 666 2284 per
694 2195 1060 2260 humilioris
1086 2195 1481 2260 conditionis
1527 2195 1825 2259 homines
1874 2217 2071 2280 quam
2118 2197 2248 2259 sint
2291 2196 2599 2276 accusati,

252 2283 522 2364 proba-tio
547 2286 758 2370 ipsius
778 2283 1172 2367 suspicionis
1193 2281 1299 2346 vel
1325 2282 1762 2345 accusationis
1788 2303 1919 2345 non
1946 2281 2143 2348 debet
2165 2282 2304 2346 fieri
2329 2281 2434 2345 vel
2482 2283 2599 2345 ad-

253 2369 440 2448 mitti3
485 2379 550 2434 et
596 2372 653 2434 si
697 2391 816 2456 per
860 2369 1114 2432 altioris
1160 2369 1552 2433 conditionis
1598 2369 1777 2432 viros
1822 2369 1952 2450 fiet,
2000 2390 2075 2433 eo
2122 2368 2329 2452 magis
2362 2367 2602 2432 efficax

259 2464 416 2518 mota
472 2464 708 2520 contra
761 2475 910 2520 reos
971 2455 1262 2539 suspicio
1323 2465 1424 2518 est
1488 2453 1813 2518 habenda.
1904 2459 1964 2536 ξ.
2026 2455 2088 2519 4.
2152 2452 2406 2518 Eodem
2452 2455 2605 2538 jure

261 2540 517 2607 valituro
561 2544 636 2605 in
681 2541 828 2606 cive
874 2541 1184 2626 quolibet,
1234 2543 1346 2626 qui
1392 2548 1737 2625 suspectus
1785 2540 1889 2604 vel
1934 2540 2198 2604 infamis
2260 2540 2343 2604 de
2404 2538 2601 2604 simili

251 2626 496 2691 crimine
531 2627 902 2707 baberetur,
933 2627 1202 2708 scilicet,
1219 2635 1292 2689 ut
1309 2648 1426 2712 per
1471 2635 1719 2711 septem
1768 2627 2076 2711 aequales
2123 2626 2248 2691 sibi
2300 2627 2603 2690 vincatur

251 2731 538 2798 conpares
573 2713 740 2779 etde
765 2715 971 2799 ipsius
1019 2714 1302 2777 convicti
1351 2733 1631 2797 persona
1678 2721 1742 2776 et
1786 2710 1997 2794 boniS,
2043 2711 2364 2799 quidquid
2409 2712 2601 2776 nobis

249 2796 558 2880 placuerit,
605 2799 952 2865 faciamus.
1041 2801 1094 2884 ξ.
1142 2805 1199 2864 5.
1245 2798 1386 2862 Nec
1430 2820 1562 2863 non
1611 2807 1675 2862 et
1718 2801 1789 2863 in.
1834 2798 2321 2862 examinatione
2386 2797 2599 2882 quoli-

253 2881 348 2946 bet
398 2888 646 2972 argenti
709 2885 1009 2950 similiter
1069 2884 1504 2950 observando.
1600 2889 1660 2966 ἓ.
1708 2890 1767 2950 6.
1828 2885 1934 2948 De
1988 2885 2319 2968 magistris
2380 2892 2601 2947 autem

253 2983 524 3037 monetae
583 2993 704 3059 per
760 2971 1140 3038 Bohemiam
1203 2973 1296 3034 sic
1342 2981 1440 3035 est
1485 2969 1857 3057 specialiter
1902 2971 2273 3050 diffinitum,
2323 2969 2500 3054 quod
2544 2970 2600 3034 si

253 3059 532 3140 magister
575 3066 878 3122 monetae
925 3057 1372 3144 deprehensus
1417 3059 1613 3122 tuerit
1656 3059 1725 3119 in
1770 3056 1993 3142 aliqua
2015 3054 2299 3120 falsitate
2326 3057 2600 3140 argenti,

252 3141 342 3202 vel
391 3144 457 3208 in
516 3144 805 3210 falsitate
851 3165 1158 3208 excessus
1217 3163 1561 3206 numerum
1610 3144 2047 3222 denariorum,
2110 3143 2222 3228 qui
2289 3139 2600 3205 fabricari

251 3230 460 3294 rectius
527 3232 608 3294 de
655 3251 877 3295 marca
920 3230 1174 3314 argenti
1221 3229 1546 3293 diceretur
1592 3249 1791 3312 super
1835 3249 2122 3290 marcam
2171 3229 2445 3313 argenti,
2492 3226 2601 3292 vel

250 3311 444 3394 plures
499 3316 756 3381 scilicet
814 3338 1010 3403 quam
1071 3336 1453 3380 concessum
1515 3316 1616 3394 sit,
1664 3314 1863 3377 faciat
1908 3311 2245 3378 fabricari:
2313 3335 2597 3377 camera·

253 3399 368 3462 rius
417 3411 478 3466 et
533 3403 1056 3467 subcamerarius
1114 3403 1300 3486 regni
1361 3403 1583 3483 nostri,
1630 3402 1742 3486 qui
1804 3422 1921 3487 pro
1982 3409 2273 3485 tempore
2333 3398 2597 3476 fuerint,

251 3487 598 3554 tractabunt
643 3488 725 3554 de
771 3509 972 3552 causa
1017 3489 1214 3572 hujus
1262 3496 1324 3552 et
1371 3487 1765 3552 discernent.

403 3573 482 3638 II.
536 3576 642 3639 De
687 3573 1062 3639 hominibus
1103 3573 1480 3654 Bohemiae,
1526 3575 1639 3660 qui
1686 3574 1777 3637 ad
1820 3574 2272 3658 eaepeditionem
2337 3591 2596 3658 proces-

255 3667 471 3741 serunt,
528 3662 748 3726 taliter
806 3671 906 3726 est
951 3660 1318 3725 decretum:
1383 3664 1444 3742 ξ.
1496 3662 1550 3724 1..
1598 3659 1793 3740 Quod
1838 3659 2059 3724 nullus
2104 3659 2189 3723 ad
2237 3657 2593 3739 expeditio-

255 3761 382 3805 nem
439 3748 800 3830 procedens
845 3748 916 3810 in
959 3746 1172 3832 prima
1217 3747 1396 3810 dieta
1439 3747 1818 3830 procinctus
1864 3747 1985 3827 sui,
2060 3747 2129 3809 in
2174 3744 2317 3809 loco
2363 3743 2595 3807 vicini·

259 3829 338 3888 ori
378 3831 588 3897 domui
635 3855 792 3898 suae
839 3854 1033 3918 quam
1103 3831 1186 3895 ad
1257 3831 1532 3895 duorum
1582 3832 1935 3896 miliarium
1976 3834 2284 3916 spatium,
2348 3827 2597 3894 audeat

259 3927 624 4000 pernoctare,
671 3941 795 3983 nec
841 3919 1056 4004 pullos
1103 3939 1226 3982 nec
1287 3939 1581 3994 anseres,
1639 3938 1843 4003 equos
1888 3928 2030 4003 ‘pro
2093 3915 2393 3981 curribus
2456 3918 2595 3980 suis

260 3997 348 4060 vel
395 4023 506 4087 pro
563 4007 710 4068 aliis
771 4004 1162 4068 utilitatibus
1231 4003 1754 4090 quibuscunque,
1816 4002 2038 4078 boves,
2098 4023 2351 4089 porcos,
2411 4025 2591 4084 oves,

262 4101 456 4180 capras
495 4089 598 4154 vel
647 4091 917 4176 aliquod
963 4090 1228 4172 animal,
1275 4101 1494 4155 vestes
1561 4091 1669 4154 vel
1731 4089 1894 4152 alias
1955 4111 2059 4153 res
2136 4087 2467 4174 aliquibus
2525 4091 2595 4154 in

259 4176 790 4242 vla-residentibus
815 4177 1076 4240 auferre
1121 4185 1518 4263 praesumat,
1566 4184 1631 4240 et
1676 4177 1942 4239 omnino
1990 4175 2153 4240 nihil
2202 4185 2459 4260 praeter
2482 4197 2592 4260 pa·

261 4251 455 4324 bulum
496 4263 942 4329 tantummodo
987 4285 1106 4349 pro
1155 4265 1340 4349 equis
1365 4264 1522 4329 0suis
1566 4260 1891 4330 violenter
1936 4270 2299 4350 attemptet.
2348 4266 2407 4343 ἓ.
2432 4261 2493 4325 2.
2520 4260 2591 4323 Si
