<?xml version="1.0" encoding="UTF-8"?>
<!DOCTYPE html PUBLIC "-//W3C//DTD XHTML 1.0 Transitional//EN"
    "http://www.w3.org/TR/xhtml1/DTD/xhtml1-transitional.dtd">
<html xmlns="http://www.w3.org/1999/xhtml" xml:lang="en" lang="en">
 <head>
  <title>
</title>
<meta http-equiv="Content-Type" content="text/html;charset=utf-8" />
  <meta name='ocr-system' content='tesseract 3.04.00' />
  <meta name='ocr-capabilities' content='ocr_page ocr_carea ocr_par ocr_line ocrx_word'/>
</head>
<body>
  <div class='ocr_page' id='page_1' title='image "./codexjurisbohem01unkngoog_0160.png"; bbox 0 0 3150 5017; ppageno 0'>
   <div class='ocr_carea' id='block_1_1' title="bbox 1484 311 1965 376">
    <p class='ocr_par' dir='ltr' id='par_1_1' title="bbox 1484 311 1965 376">
     <span class='ocr_line' id='line_1_1' title="bbox 1484 311 1965 376; baseline 0 -1"><span class='ocrx_word' id='word_1_1' title='bbox 1484 311 1965 376; x_wconf 81' lang='lat'>-150-·</span> 
     </span>
    </p>
   </div>
   <div class='ocr_carea' id='block_1_2' title="bbox 529 479 2900 917">
    <p class='ocr_par' dir='ltr' id='par_1_2' title="bbox 529 479 2900 917">
     <span class='ocr_line' id='line_1_2' title="bbox 530 479 2898 571; baseline -0.002 -22"><span class='ocrx_word' id='word_1_2' title='bbox 530 483 975 571; x_wconf 86' lang='lat' dir='ltr'><strong>Maguntinos,</strong></span> <span class='ocrx_word' id='word_1_3' title='bbox 1020 485 1132 570; x_wconf 90' lang='lat' dir='ltr'><strong>qui</strong></span> <span class='ocrx_word' id='word_1_4' title='bbox 1178 484 1363 548; x_wconf 87' lang='lat' dir='ltr'><strong>fuere</strong></span> <span class='ocrx_word' id='word_1_5' title='bbox 1452 503 1525 549; x_wconf 91' lang='lat' dir='ltr'><strong>ro</strong></span> <span class='ocrx_word' id='word_1_6' title='bbox 1573 491 1886 569; x_wconf 87' lang='lat' dir='ltr'><strong>tempore,</strong></span> <span class='ocrx_word' id='word_1_7' title='bbox 1945 502 2026 549; x_wconf 85' lang='lat' dir='ltr'><strong>ac</strong></span> <span class='ocrx_word' id='word_1_8' title='bbox 2084 480 2227 569; x_wconf 82' lang='lat' dir='ltr'><strong>ipse</strong></span> <span class='ocrx_word' id='word_1_9' title='bbox 2271 505 2391 570; x_wconf 84' lang='lat' dir='ltr'><strong>per</strong></span> <span class='ocrx_word' id='word_1_10' title='bbox 2435 482 2751 551; x_wconf 86' lang='lat' dir='ltr'><strong>dilectum</strong></span> <span class='ocrx_word' id='word_1_11' title='bbox 2793 479 2898 546; x_wconf 91' lang='lat' dir='ltr'><strong>fili-</strong></span> 
     </span>
     <span class='ocr_line' id='line_1_3' title="bbox 534 569 2900 655; baseline -0.001 -20"><span class='ocrx_word' id='word_1_12' title='bbox 534 593 645 635; x_wconf 89' lang='lat' dir='ltr'><strong>um</strong></span> <span class='ocrx_word' id='word_1_13' title='bbox 693 619 709 634; x_wconf 93' lang='lat'><strong>.</strong></span> <span class='ocrx_word' id='word_1_14' title='bbox 754 621 771 637; x_wconf 84' lang='lat'><strong>.</strong></span> <span class='ocrx_word' id='word_1_15' title='bbox 817 619 831 636; x_wconf 87' lang='lat'><strong>.</strong></span> <span class='ocrx_word' id='word_1_16' title='bbox 875 570 1338 654; x_wconf 77' lang='lat' dir='ltr'><strong>Magantinum</strong></span> <span class='ocrx_word' id='word_1_17' title='bbox 1385 591 1419 632; x_wconf 92' lang='lat' dir='ltr'><strong>e</strong></span> <span class='ocrx_word' id='word_1_18' title='bbox 1448 577 1664 633; x_wconf 89' lang='lat' dir='ltr'><strong>ectum</strong></span> <span class='ocrx_word' id='word_1_19' title='bbox 1726 591 1842 655; x_wconf 88' lang='lat' dir='ltr'><strong>pro</strong></span> <span class='ocrx_word' id='word_1_20' title='bbox 1912 591 1988 633; x_wconf 89' lang='lat' dir='ltr'><strong>eo</strong></span> <span class='ocrx_word' id='word_1_21' title='bbox 2056 569 2236 655; x_wconf 85' lang='lat' dir='ltr'><strong>quod</strong></span> <span class='ocrx_word' id='word_1_22' title='bbox 2288 571 2580 635; x_wconf 89' lang='lat' dir='ltr'><strong>nondum</strong></span> <span class='ocrx_word' id='word_1_23' title='bbox 2629 576 2732 633; x_wconf 89' lang='lat' dir='ltr'><strong>est</strong></span> <span class='ocrx_word' id='word_1_24' title='bbox 2773 569 2900 654; x_wconf 87' lang='lat' dir='ltr'><strong>ejus</strong></span> 
     </span>
     <span class='ocr_line' id='line_1_4' title="bbox 532 656 2900 743; baseline -0 -21"><span class='ocrx_word' id='word_1_25' title='bbox 532 656 764 723; x_wconf 79' lang='lat' dir='ltr'><strong>electio</strong></span> <span class='ocrx_word' id='word_1_26' title='bbox 810 679 927 743; x_wconf 90' lang='lat' dir='ltr'><strong>per</strong></span> <span class='ocrx_word' id='word_1_27' title='bbox 972 657 1196 721; x_wconf 86' lang='lat' dir='ltr'><strong>sedem</strong></span> <span class='ocrx_word' id='word_1_28' title='bbox 1253 656 1680 742; x_wconf 85' lang='lat' dir='ltr'><strong>apostolicam</strong></span> <span class='ocrx_word' id='word_1_29' title='bbox 1750 656 2153 737; x_wconf 84' lang='lat' dir='ltr'><strong>confirmata,</strong></span> <span class='ocrx_word' id='word_1_30' title='bbox 2213 658 2446 741; x_wconf 89' lang='lat' dir='ltr'><strong>inungi</strong></span> <span class='ocrx_word' id='word_1_31' title='bbox 2506 666 2572 721; x_wconf 87' lang='lat' dir='ltr'><strong>et</strong></span> <span class='ocrx_word' id='word_1_32' title='bbox 2617 660 2900 721; x_wconf 86' lang='lat' dir='ltr'><strong>coronari</strong></span> 
     </span>
     <span class='ocr_line' id='line_1_5' title="bbox 532 742 2899 830; baseline -0.001 -23"><span class='ocrx_word' id='word_1_33' title='bbox 532 766 666 809; x_wconf 91' lang='lat' dir='ltr'><strong>non</strong></span> <span class='ocrx_word' id='word_1_34' title='bbox 709 744 935 830; x_wconf 89' lang='lat' dir='ltr'><strong>possit,</strong></span> <span class='ocrx_word' id='word_1_35' title='bbox 994 764 1145 807; x_wconf 90' lang='lat' dir='ltr'><strong>eum</strong></span> <span class='ocrx_word' id='word_1_36' title='bbox 1202 744 1273 806; x_wconf 90' lang='lat' dir='ltr'><strong>in</strong></span> <span class='ocrx_word' id='word_1_37' title='bbox 1338 764 1560 827; x_wconf 88' lang='lat' dir='ltr'><strong>regem</strong></span> <span class='ocrx_word' id='word_1_38' title='bbox 1627 743 1858 827; x_wconf 85' lang='lat' dir='ltr'><strong>inungi</strong></span> <span class='ocrx_word' id='word_1_39' title='bbox 1911 750 1978 807; x_wconf 88' lang='lat' dir='ltr'><strong>et</strong></span> <span class='ocrx_word' id='word_1_40' title='bbox 2017 742 2240 828; x_wconf 86' lang='lat' dir='ltr'><strong>regale</strong></span> <span class='ocrx_word' id='word_1_41' title='bbox 2285 744 2591 810; x_wconf 81' lang='lat' dir='ltr'><strong>diadema</strong></span> <span class='ocrx_word' id='word_1_42' title='bbox 2635 762 2757 807; x_wconf 83' lang='lat' dir='ltr'><strong>suo</strong></span> <span class='ocrx_word' id='word_1_43' title='bbox 2797 743 2899 805; x_wconf 89' lang='lat' dir='ltr'><strong>im-</strong></span> 
     </span>
     <span class='ocr_line' id='line_1_6' title="bbox 529 828 1360 917; baseline -0.006 -21"><span class='ocrx_word' id='word_1_44' title='bbox 529 832 685 917; x_wconf 88' lang='lat' dir='ltr'><strong>poni</strong></span> <span class='ocrx_word' id='word_1_45' title='bbox 730 830 931 915; x_wconf 88' lang='lat' dir='ltr'><strong>capiti</strong></span> <span class='ocrx_word' id='word_1_46' title='bbox 974 828 1360 895; x_wconf 85' lang='lat' dir='ltr'><strong>faceremus.</strong></span> 
     </span>
    </p>
   </div>
   <div class='ocr_carea' id='block_1_3' title="bbox 522 963 2900 2691">
    <p class='ocr_par' dir='ltr' id='par_1_3' title="bbox 524 963 2900 1894">
     <span class='ocr_line' id='line_1_7' title="bbox 700 963 2900 1050; baseline -0.001 -19"><span class='ocrx_word' id='word_1_47' title='bbox 700 968 837 1031; x_wconf 84' lang='lat' dir='ltr'><strong>Nos</strong></span> <span class='ocrx_word' id='word_1_48' title='bbox 882 967 1084 1050; x_wconf 88' lang='lat' dir='ltr'><strong>igitur</strong></span> <span class='ocrx_word' id='word_1_49' title='bbox 1130 966 1288 1029; x_wconf 90' lang='lat' dir='ltr'><strong>dicti</strong></span> <span class='ocrx_word' id='word_1_50' title='bbox 1334 968 1505 1049; x_wconf 87' lang='lat' dir='ltr'><strong>regis</strong></span> <span class='ocrx_word' id='word_1_51' title='bbox 1550 964 1968 1030; x_wconf 84' lang='lat' dir='ltr'><strong>devotionem</strong></span> <span class='ocrx_word' id='word_1_52' title='bbox 2016 965 2474 1031; x_wconf 81' lang='lat' dir='ltr'><strong>multimodam</strong></span> <span class='ocrx_word' id='word_1_53' title='bbox 2500 963 2900 1031; x_wconf 86' lang='lat' dir='ltr'><strong>attendentes</strong></span> 
     </span>
     <span class='ocr_line' id='line_1_8' title="bbox 528 1050 2890 1140; baseline -0.002 -21"><span class='ocrx_word' id='word_1_54' title='bbox 528 1062 594 1120; x_wconf 81' lang='lat' dir='ltr'><strong>et</strong></span> <span class='ocrx_word' id='word_1_55' title='bbox 636 1050 1150 1133; x_wconf 75' lang='lat' dir='ltr'><strong>consideranteS‚</strong></span> <span class='ocrx_word' id='word_1_56' title='bbox 1199 1052 1374 1137; x_wconf 89' lang='lat' dir='ltr'><strong>quod</strong></span> <span class='ocrx_word' id='word_1_57' title='bbox 1422 1051 1950 1138; x_wconf 81' lang='lat' dir='ltr'>progenitoribus</span> <span class='ocrx_word' id='word_1_58' title='bbox 1998 1058 2151 1133; x_wconf 86' lang='lat' dir='ltr'><strong>suis,</strong></span> <span class='ocrx_word' id='word_1_59' title='bbox 2201 1054 2312 1140; x_wconf 90' lang='lat' dir='ltr'><strong>qui</strong></span> <span class='ocrx_word' id='word_1_60' title='bbox 2357 1053 2629 1118; x_wconf 86' lang='lat' dir='ltr'><strong>fuerunt</strong></span> <span class='ocrx_word' id='word_1_61' title='bbox 2674 1051 2890 1115; x_wconf 87' lang='lat' dir='ltr'><strong>arden-</strong></span> 
     </span>
     <span class='ocr_line' id='line_1_9' title="bbox 528 1138 2898 1223; baseline -0.003 -16"><span class='ocrx_word' id='word_1_62' title='bbox 528 1138 630 1207; x_wconf 80' lang='lat' dir='ltr'><strong>tes</strong></span> <span class='ocrx_word' id='word_1_63' title='bbox 675 1139 1035 1205; x_wconf 86' lang='lat' dir='ltr'><strong>catholicae</strong></span> <span class='ocrx_word' id='word_1_64' title='bbox 1081 1138 1237 1202; x_wconf 91' lang='lat' dir='ltr'><strong>fidei</strong></span> <span class='ocrx_word' id='word_1_65' title='bbox 1280 1138 1616 1219; x_wconf 84' lang='lat' dir='ltr'><strong>zelatores,</strong></span> <span class='ocrx_word' id='word_1_66' title='bbox 1663 1160 1795 1201; x_wconf 91' lang='lat' dir='ltr'><strong>non</strong></span> <span class='ocrx_word' id='word_1_67' title='bbox 1843 1138 2053 1203; x_wconf 87' lang='lat' dir='ltr'><strong>solum</strong></span> <span class='ocrx_word' id='word_1_68' title='bbox 2102 1139 2507 1205; x_wconf 80' lang='lat' dir='ltr'><strong>derivatione</strong></span> <span class='ocrx_word' id='word_1_69' title='bbox 2553 1138 2898 1223; x_wconf 79' lang='lat' dir='ltr'>sanguinis,</span> 
     </span>
     <span class='ocr_line' id='line_1_10' title="bbox 530 1224 2897 1313; baseline -0.003 -20"><span class='ocrx_word' id='word_1_70' title='bbox 530 1227 646 1293; x_wconf 86' lang='lat' dir='ltr'><strong>sed</strong></span> <span class='ocrx_word' id='word_1_71' title='bbox 691 1234 756 1291; x_wconf 91' lang='lat' dir='ltr'><strong>et</strong></span> <span class='ocrx_word' id='word_1_72' title='bbox 799 1226 1105 1313; x_wconf 87' lang='lat' dir='ltr'><strong>puritatis</strong></span> <span class='ocrx_word' id='word_1_73' title='bbox 1148 1246 1227 1289; x_wconf 88' lang='lat' dir='ltr'><strong>ac</strong></span> <span class='ocrx_word' id='word_1_74' title='bbox 1271 1224 1582 1289; x_wconf 86' lang='lat' dir='ltr'><strong>bonitatis</strong></span> <span class='ocrx_word' id='word_1_75' title='bbox 1627 1225 1993 1291; x_wconf 78' lang='lat' dir='ltr'><strong>imitatione</strong></span> <span class='ocrx_word' id='word_1_76' title='bbox 2055 1224 2365 1306; x_wconf 76' lang='lat' dir='ltr'><strong>succedit,</strong></span> <span class='ocrx_word' id='word_1_77' title='bbox 2434 1247 2512 1290; x_wconf 94' lang='lat' dir='ltr'><strong>ac</strong></span> <span class='ocrx_word' id='word_1_78' title='bbox 2578 1226 2897 1308; x_wconf 85' lang='lat' dir='ltr'><strong>cupientes</strong></span> 
     </span>
     <span class='ocr_line' id='line_1_11' title="bbox 528 1309 2898 1399; baseline -0.003 -20"><span class='ocrx_word' id='word_1_79' title='bbox 528 1312 613 1379; x_wconf 89' lang='lat' dir='ltr'><strong>ob</strong></span> <span class='ocrx_word' id='word_1_80' title='bbox 657 1312 784 1375; x_wconf 88' lang='lat' dir='ltr'><strong>hoc</strong></span> <span class='ocrx_word' id='word_1_81' title='bbox 828 1334 974 1377; x_wconf 91' lang='lat' dir='ltr'><strong>eum</strong></span> <span class='ocrx_word' id='word_1_82' title='bbox 1019 1313 1088 1375; x_wconf 90' lang='lat' dir='ltr'><strong>in</strong></span> <span class='ocrx_word' id='word_1_83' title='bbox 1132 1310 1238 1375; x_wconf 89' lang='lat' dir='ltr'><strong>his</strong></span> <span class='ocrx_word' id='word_1_84' title='bbox 1284 1309 1658 1398; x_wconf 79' lang='lat' dir='ltr'><strong>specialiter</strong></span> <span class='ocrx_word' id='word_1_85' title='bbox 1701 1311 2030 1388; x_wconf 89' lang='lat' dir='ltr'><strong>honorari,</strong></span> <span class='ocrx_word' id='word_1_86' title='bbox 2075 1313 2281 1399; x_wconf 88' lang='lat' dir='ltr'><strong>ipsius</strong></span> <span class='ocrx_word' id='word_1_87' title='bbox 2325 1309 2898 1398; x_wconf 79' lang='lat' dir='ltr'><strong>supplicationibus</strong></span> 
     </span>
     <span class='ocr_line' id='line_1_12' title="bbox 527 1396 2897 1483; baseline -0.002 -20"><span class='ocrx_word' id='word_1_88' title='bbox 527 1398 879 1483; x_wconf 84' lang='lat' dir='ltr'><strong>benignius</strong></span> <span class='ocrx_word' id='word_1_89' title='bbox 948 1396 1292 1480; x_wconf 85' lang='lat' dir='ltr'><strong>inclinati,</strong></span> <span class='ocrx_word' id='word_1_90' title='bbox 1360 1398 1753 1461; x_wconf 82' lang='lat' dir='ltr'><strong>fraternitati</strong></span> <span class='ocrx_word' id='word_1_91' title='bbox 1838 1408 2095 1463; x_wconf 83' lang='lat' dir='ltr'><strong>vestrae</strong></span> <span class='ocrx_word' id='word_1_92' title='bbox 2176 1397 2567 1463; x_wconf 83' lang='lat' dir='ltr'><strong>mandamus</strong></span> <span class='ocrx_word' id='word_1_93' title='bbox 2591 1445 2609 1479; x_wconf 87' lang='lat'>‚</span> <span class='ocrx_word' id='word_1_94' title='bbox 2693 1405 2897 1482; x_wconf 87' lang='lat' dir='ltr'><strong>quate-</strong></span> 
     </span>
     <span class='ocr_line' id='line_1_13' title="bbox 526 1482 2895 1570; baseline -0.002 -21"><span class='ocrx_word' id='word_1_95' title='bbox 526 1506 654 1549; x_wconf 89' lang='lat' dir='ltr'><strong>nus</strong></span> <span class='ocrx_word' id='word_1_96' title='bbox 698 1506 817 1550; x_wconf 84' lang='lat' dir='ltr'><strong>vos</strong></span> <span class='ocrx_word' id='word_1_97' title='bbox 863 1484 1029 1550; x_wconf 89' lang='lat' dir='ltr'><strong>alter</strong></span> <span class='ocrx_word' id='word_1_98' title='bbox 1072 1492 1386 1564; x_wconf 84' lang='lat' dir='ltr'><strong>vestrum,</strong></span> <span class='ocrx_word' id='word_1_99' title='bbox 1423 1482 1720 1548; x_wconf 84' lang='lat' dir='ltr'><strong>adhibito</strong></span> <span class='ocrx_word' id='word_1_100' title='bbox 1763 1484 2103 1555; x_wconf 81' lang='lat' dir='ltr'><strong>vobiscum</strong></span> <span class='ocrx_word' id='word_1_101' title='bbox 2151 1484 2408 1549; x_wconf 90' lang='lat' dir='ltr'><strong>decenti</strong></span> <span class='ocrx_word' id='word_1_102' title='bbox 2453 1486 2895 1570; x_wconf 85' lang='lat' dir='ltr'><strong>episcoporum</strong></span> 
     </span>
     <span class='ocr_line' id='line_1_14' title="bbox 526 1570 2896 1656; baseline -0.001 -21"><span class='ocrx_word' id='word_1_103' title='bbox 526 1592 801 1637; x_wconf 87' lang='lat' dir='ltr'><strong>numero</strong></span> <span class='ocrx_word' id='word_1_104' title='bbox 844 1578 984 1635; x_wconf 86' lang='lat' dir='ltr'><strong>tum</strong></span> <span class='ocrx_word' id='word_1_105' title='bbox 1030 1578 1298 1655; x_wconf 87' lang='lat' dir='ltr'><strong>propter</strong></span> <span class='ocrx_word' id='word_1_106' title='bbox 1342 1570 1643 1656; x_wconf 87' lang='lat' dir='ltr'><strong>ejusdem</strong></span> <span class='ocrx_word' id='word_1_107' title='bbox 1689 1572 1862 1653; x_wconf 84' lang='lat' dir='ltr'><strong>regis</strong></span> <span class='ocrx_word' id='word_1_108' title='bbox 1930 1570 2516 1652; x_wconf 79' lang='lat' dir='ltr'><strong>honorificentiam,</strong></span> <span class='ocrx_word' id='word_1_109' title='bbox 2575 1579 2715 1635; x_wconf 87' lang='lat' dir='ltr'><strong>tum</strong></span> <span class='ocrx_word' id='word_1_110' title='bbox 2759 1590 2896 1654; x_wconf 87' lang='lat' dir='ltr'><strong>pro-</strong></span> 
     </span>
     <span class='ocr_line' id='line_1_15' title="bbox 524 1653 2897 1743; baseline -0.003 -22"><span class='ocrx_word' id='word_1_111' title='bbox 524 1664 673 1743; x_wconf 89' lang='lat' dir='ltr'><strong>pter</strong></span> <span class='ocrx_word' id='word_1_112' title='bbox 715 1656 1150 1721; x_wconf 86' lang='lat' dir='ltr'><strong>reverentiam</strong></span> <span class='ocrx_word' id='word_1_113' title='bbox 1194 1658 1610 1737; x_wconf 82' lang='lat' dir='ltr'><strong>sacramenti,</strong></span> <span class='ocrx_word' id='word_1_114' title='bbox 1655 1655 1778 1721; x_wconf 87' lang='lat' dir='ltr'><strong>sibi</strong></span> <span class='ocrx_word' id='word_1_115' title='bbox 1825 1657 2210 1722; x_wconf 87' lang='lat' dir='ltr'><strong>auctoritate</strong></span> <span class='ocrx_word' id='word_1_116' title='bbox 2251 1666 2479 1721; x_wconf 87' lang='lat' dir='ltr'><strong>nostra</strong></span> <span class='ocrx_word' id='word_1_117' title='bbox 2529 1653 2897 1741; x_wconf 85' lang='lat' dir='ltr'><strong>hujusmodi</strong></span> 
     </span>
     <span class='ocr_line' id='line_1_16' title="bbox 529 1741 2897 1831; baseline -0.001 -24"><span class='ocrx_word' id='word_1_118' title='bbox 529 1744 909 1809; x_wconf 87' lang='lat' dir='ltr'><strong>unctionem</strong></span> <span class='ocrx_word' id='word_1_119' title='bbox 954 1741 1335 1828; x_wconf 87' lang='lat' dir='ltr'><strong>impendere</strong></span> <span class='ocrx_word' id='word_1_120' title='bbox 1382 1751 1450 1809; x_wconf 89' lang='lat' dir='ltr'><strong>et</strong></span> <span class='ocrx_word' id='word_1_121' title='bbox 1492 1744 1693 1831; x_wconf 88' lang='lat' dir='ltr'><strong>capiti</strong></span> <span class='ocrx_word' id='word_1_122' title='bbox 1735 1744 1880 1829; x_wconf 89' lang='lat' dir='ltr'><strong>ejus</strong></span> <span class='ocrx_word' id='word_1_123' title='bbox 1925 1745 2262 1829; x_wconf 88' lang='lat' dir='ltr'><strong>imponere</strong></span> <span class='ocrx_word' id='word_1_124' title='bbox 2321 1742 2545 1827; x_wconf 87' lang='lat' dir='ltr'><strong>regale</strong></span> <span class='ocrx_word' id='word_1_125' title='bbox 2603 1741 2897 1806; x_wconf 75' lang='lat' dir='ltr'><strong>diadema</strong></span> 
     </span>
     <span class='ocr_line' id='line_1_17' title="bbox 541 1830 799 1894; baseline -0.004 -1"><span class='ocrx_word' id='word_1_126' title='bbox 541 1830 799 1894; x_wconf 87' lang='lat' dir='ltr'><strong>curetis.</strong></span> 
     </span>
    </p>

    <p class='ocr_par' dir='ltr' id='par_1_4' title="bbox 522 1913 2898 2691">
     <span class='ocr_line' id='line_1_18' title="bbox 701 1913 2894 2001; baseline -0.002 -22"><span class='ocrx_word' id='word_1_127' title='bbox 701 1914 1023 1981; x_wconf 88' lang='lat' dir='ltr'><strong>Volumus</strong></span> <span class='ocrx_word' id='word_1_128' title='bbox 1084 1922 1303 1979; x_wconf 87' lang='lat' dir='ltr'><strong>autem</strong></span> <span class='ocrx_word' id='word_1_129' title='bbox 1372 1925 1568 2001; x_wconf 79' lang='lat' dir='ltr'><strong>atque</strong></span> <span class='ocrx_word' id='word_1_130' title='bbox 1636 1916 2001 1990; x_wconf 81' lang='lat' dir='ltr'><strong>statuimus,</strong></span> <span class='ocrx_word' id='word_1_131' title='bbox 2059 1923 2132 1979; x_wconf 86' lang='lat' dir='ltr'><strong>ut</strong></span> <span class='ocrx_word' id='word_1_132' title='bbox 2192 1914 2446 1978; x_wconf 88' lang='lat' dir='ltr'><strong>nullum</strong></span> <span class='ocrx_word' id='word_1_133' title='bbox 2509 1936 2597 1979; x_wconf 86' lang='lat' dir='ltr'><strong>ex</strong></span> <span class='ocrx_word' id='word_1_134' title='bbox 2655 1913 2776 1977; x_wconf 91' lang='lat' dir='ltr'><strong>hoc</strong></span> <span class='ocrx_word' id='word_1_135' title='bbox 2831 1913 2894 1976; x_wconf 90' lang='lat' dir='ltr'><strong>in</strong></span> 
     </span>
     <span class='ocr_line' id='line_1_19' title="bbox 530 2001 2898 2088; baseline -0.001 -23"><span class='ocrx_word' id='word_1_136' title='bbox 530 2010 870 2088; x_wconf 88' lang='lat' dir='ltr'><strong>posterum</strong></span> <span class='ocrx_word' id='word_1_137' title='bbox 930 2001 1353 2086; x_wconf 88' lang='lat' dir='ltr'><strong>pontificibus</strong></span> <span class='ocrx_word' id='word_1_138' title='bbox 1409 2002 1822 2086; x_wconf 87' lang='lat' dir='ltr'><strong>Maguntinis</strong></span> <span class='ocrx_word' id='word_1_139' title='bbox 1882 2002 1993 2087; x_wconf 88' lang='lat' dir='ltr'><strong>qui</strong></span> <span class='ocrx_word' id='word_1_140' title='bbox 2054 2010 2246 2065; x_wconf 89' lang='lat' dir='ltr'><strong>erunt</strong></span> <span class='ocrx_word' id='word_1_141' title='bbox 2303 2022 2424 2087; x_wconf 92' lang='lat' dir='ltr'><strong>pro</strong></span> <span class='ocrx_word' id='word_1_142' title='bbox 2482 2009 2793 2086; x_wconf 85' lang='lat' dir='ltr'><strong>tempore,</strong></span> <span class='ocrx_word' id='word_1_143' title='bbox 2839 2008 2898 2062; x_wconf 83' lang='lat' dir='ltr'><strong>et</strong></span> 
     </span>
     <span class='ocr_line' id='line_1_20' title="bbox 526 2087 2898 2174; baseline -0.002 -23"><span class='ocrx_word' id='word_1_144' title='bbox 526 2088 845 2153; x_wconf 85' lang='lat' dir='ltr'><strong>ecclesiae</strong></span> <span class='ocrx_word' id='word_1_145' title='bbox 890 2088 1323 2171; x_wconf 79' lang='lat' dir='ltr'><strong>Magantinae</strong></span> <span class='ocrx_word' id='word_1_146' title='bbox 1372 2087 1848 2174; x_wconf 88' lang='lat' dir='ltr'><strong>praejudicium</strong></span> <span class='ocrx_word' id='word_1_147' title='bbox 1893 2097 2263 2172; x_wconf 86' lang='lat' dir='ltr'><strong>generetur,</strong></span> <span class='ocrx_word' id='word_1_148' title='bbox 2313 2089 2474 2173; x_wconf 89' lang='lat' dir='ltr'><strong>quin</strong></span> <span class='ocrx_word' id='word_1_149' title='bbox 2508 2089 2681 2151; x_wconf 84' lang='lat' dir='ltr'><strong>circa</strong></span> <span class='ocrx_word' id='word_1_150' title='bbox 2704 2087 2898 2173; x_wconf 84' lang='lat' dir='ltr'><strong>ipsius</strong></span> 
     </span>
     <span class='ocr_line' id='line_1_21' title="bbox 530 2173 2896 2261; baseline -0.001 -24"><span class='ocrx_word' id='word_1_151' title='bbox 530 2174 703 2257; x_wconf 87' lang='lat' dir='ltr'><strong>regis</strong></span> <span class='ocrx_word' id='word_1_152' title='bbox 771 2195 1183 2238; x_wconf 84' lang='lat' dir='ltr'><strong>successores</strong></span> <span class='ocrx_word' id='word_1_153' title='bbox 1244 2184 1661 2261; x_wconf 83' lang='lat' dir='ltr'><strong>exequantur</strong></span> <span class='ocrx_word' id='word_1_154' title='bbox 1717 2173 1943 2255; x_wconf 85' lang='lat' dir='ltr'><strong>libere,</strong></span> <span class='ocrx_word' id='word_1_155' title='bbox 2001 2174 2180 2259; x_wconf 89' lang='lat' dir='ltr'><strong>quod</strong></span> <span class='ocrx_word' id='word_1_156' title='bbox 2226 2173 2310 2238; x_wconf 92' lang='lat' dir='ltr'><strong>ad</strong></span> <span class='ocrx_word' id='word_1_157' title='bbox 2355 2194 2467 2238; x_wconf 90' lang='lat' dir='ltr'><strong>eos</strong></span> <span class='ocrx_word' id='word_1_158' title='bbox 2513 2175 2796 2259; x_wconf 82' lang='lat' dir='ltr'><strong>pertinet</strong></span> <span class='ocrx_word' id='word_1_159' title='bbox 2835 2173 2896 2235; x_wconf 89' lang='lat' dir='ltr'><strong>in</strong></span> 
     </span>
     <span class='ocr_line' id='line_1_22' title="bbox 528 2257 2894 2346; baseline -0.001 -23"><span class='ocrx_word' id='word_1_160' title='bbox 528 2257 655 2323; x_wconf 89' lang='lat' dir='ltr'><strong>hac</strong></span> <span class='ocrx_word' id='word_1_161' title='bbox 712 2269 921 2345; x_wconf 87' lang='lat' dir='ltr'><strong>parte.</strong></span> <span class='ocrx_word' id='word_1_162' title='bbox 1007 2260 1111 2323; x_wconf 88' lang='lat' dir='ltr'><strong>Ea</strong></span> <span class='ocrx_word' id='word_1_163' title='bbox 1170 2281 1327 2325; x_wconf 85' lang='lat' dir='ltr'><strong>vero</strong></span> <span class='ocrx_word' id='word_1_164' title='bbox 1384 2281 1553 2346; x_wconf 88' lang='lat' dir='ltr'><strong>quae</strong></span> <span class='ocrx_word' id='word_1_165' title='bbox 1615 2258 2030 2324; x_wconf 82' lang='lat' dir='ltr'><strong>exhibiturus</strong></span> <span class='ocrx_word' id='word_1_166' title='bbox 2093 2268 2265 2325; x_wconf 87' lang='lat' dir='ltr'><strong>esset</strong></span> <span class='ocrx_word' id='word_1_167' title='bbox 2307 2259 2484 2324; x_wconf 88' lang='lat' dir='ltr'><strong>idem</strong></span> <span class='ocrx_word' id='word_1_168' title='bbox 2529 2282 2651 2323; x_wconf 82' lang='lat' dir='ltr'><strong>rex</strong></span> <span class='ocrx_word' id='word_1_169' title='bbox 2696 2258 2894 2323; x_wconf 86' lang='lat' dir='ltr'><strong>archi·</strong></span> 
     </span>
     <span class='ocr_line' id='line_1_23' title="bbox 527 2346 2896 2433; baseline -0.001 -22"><span class='ocrx_word' id='word_1_170' title='bbox 527 2347 836 2433; x_wconf 87' lang='lat' dir='ltr'><strong>episcopo</strong></span> <span class='ocrx_word' id='word_1_171' title='bbox 896 2346 1307 2431; x_wconf 87' lang='lat' dir='ltr'><strong>Maguntino,</strong></span> <span class='ocrx_word' id='word_1_172' title='bbox 1370 2350 1425 2411; x_wconf 86' lang='lat' dir='ltr'><strong>si</strong></span> <span class='ocrx_word' id='word_1_173' title='bbox 1476 2349 1825 2431; x_wconf 83' lang='lat' dir='ltr'><strong>inungeret</strong></span> <span class='ocrx_word' id='word_1_174' title='bbox 1883 2354 1950 2411; x_wconf 90' lang='lat' dir='ltr'><strong>et</strong></span> <span class='ocrx_word' id='word_1_175' title='bbox 1992 2354 2336 2411; x_wconf 86' lang='lat' dir='ltr'><strong>coronaret</strong></span> <span class='ocrx_word' id='word_1_176' title='bbox 2381 2346 2685 2427; x_wconf 80' lang='lat' dir='ltr'><strong>eundem,</strong></span> <span class='ocrx_word' id='word_1_177' title='bbox 2746 2347 2896 2409; x_wconf 88' lang='lat' dir='ltr'><strong>inte-</strong></span> 
     </span>
     <span class='ocr_line' id='line_1_24' title="bbox 523 2430 2892 2518; baseline -0.001 -23"><span class='ocrx_word' id='word_1_178' title='bbox 523 2452 640 2516; x_wconf 88' lang='lat' dir='ltr'><strong>gre</strong></span> <span class='ocrx_word' id='word_1_179' title='bbox 684 2432 769 2496; x_wconf 89' lang='lat' dir='ltr'><strong>ab</strong></span> <span class='ocrx_word' id='word_1_180' title='bbox 816 2431 1046 2497; x_wconf 90' lang='lat' dir='ltr'><strong>eodem</strong></span> <span class='ocrx_word' id='word_1_181' title='bbox 1090 2453 1243 2517; x_wconf 84' lang='lat' dir='ltr'><strong>rege</strong></span> <span class='ocrx_word' id='word_1_182' title='bbox 1287 2435 1636 2518; x_wconf 86' lang='lat' dir='ltr'><strong>recipiatis,</strong></span> <span class='ocrx_word' id='word_1_183' title='bbox 1682 2432 1800 2497; x_wconf 85' lang='lat' dir='ltr'><strong>illa</strong></span> <span class='ocrx_word' id='word_1_184' title='bbox 1844 2432 2016 2496; x_wconf 85' lang='lat' dir='ltr'><strong>dicto</strong></span> <span class='ocrx_word' id='word_1_185' title='bbox 2062 2432 2292 2512; x_wconf 86' lang='lat' dir='ltr'><strong>electe,</strong></span> <span class='ocrx_word' id='word_1_186' title='bbox 2359 2434 2413 2495; x_wconf 89' lang='lat' dir='ltr'><strong>si</strong></span> <span class='ocrx_word' id='word_1_187' title='bbox 2475 2454 2626 2496; x_wconf 87' lang='lat' dir='ltr'><strong>eum</strong></span> <span class='ocrx_word' id='word_1_188' title='bbox 2658 2430 2892 2510; x_wconf 48' lang='lat' dir='ltr'><strong>„confira</strong></span> 
     </span>
     <span class='ocr_line' id='line_1_25' title="bbox 522 2517 2887 2604; baseline 0 -23"><span class='ocrx_word' id='word_1_189' title='bbox 522 2519 692 2581; x_wconf 85' lang='lat' dir='ltr'><strong>mari</strong></span> <span class='ocrx_word' id='word_1_190' title='bbox 738 2519 1094 2602; x_wconf 84' lang='lat' dir='ltr'><strong>contingat,</strong></span> <span class='ocrx_word' id='word_1_191' title='bbox 1142 2519 1437 2604; x_wconf 89' lang='lat' dir='ltr'><strong>alioquin</strong></span> <span class='ocrx_word' id='word_1_192' title='bbox 1484 2521 1563 2600; x_wconf 86' lang='lat' dir='ltr'><strong>ei,</strong></span> <span class='ocrx_word' id='word_1_193' title='bbox 1611 2520 1724 2604; x_wconf 89' lang='lat' dir='ltr'><strong>qui</strong></span> <span class='ocrx_word' id='word_1_194' title='bbox 1771 2520 2146 2604; x_wconf 86' lang='lat' dir='ltr'><strong>praedictae</strong></span> <span class='ocrx_word' id='word_1_195' title='bbox 2199 2519 2628 2604; x_wconf 87' lang='lat' dir='ltr'><strong>Maguntinae</strong></span> <span class='ocrx_word' id='word_1_196' title='bbox 2687 2517 2887 2585; x_wconf 88' lang='lat' dir='ltr'><strong>eccle-</strong></span> 
     </span>
     <span class='ocr_line' id='line_1_26' title="bbox 525 2604 2257 2691; baseline 0.002 -24"><span class='ocrx_word' id='word_1_197' title='bbox 525 2604 661 2669; x_wconf 83' lang='lat' dir='ltr'><strong>siae</strong></span> <span class='ocrx_word' id='word_1_198' title='bbox 703 2605 1006 2688; x_wconf 87' lang='lat' dir='ltr'><strong>regimini</strong></span> <span class='ocrx_word' id='word_1_199' title='bbox 1047 2604 1423 2691; x_wconf 85' lang='lat' dir='ltr'><strong>praefuerit,</strong></span> <span class='ocrx_word' id='word_1_200' title='bbox 1466 2605 1751 2671; x_wconf 88' lang='lat' dir='ltr'><strong>fideliter</strong></span> <span class='ocrx_word' id='word_1_201' title='bbox 1793 2607 2257 2670; x_wconf 85' lang='lat' dir='ltr'><strong>transmissuri.</strong></span> 
     </span>
    </p>
   </div>
   <div class='ocr_carea' id='block_1_4' title="bbox 528 2721 2884 2895">
    <p class='ocr_par' dir='ltr' id='par_1_5' title="bbox 528 2721 2884 2895">
     <span class='ocr_line' id='line_1_27' title="bbox 692 2721 2884 2893; baseline -0.001 -86"><span class='ocrx_word' id='word_1_202' title='bbox 692 2740 935 2893; x_wconf 64' lang='lat' dir='ltr'><strong>Actuutn</strong></span> <span class='ocrx_word' id='word_1_203' title='bbox 998 2742 1344 2829; x_wconf 88' lang='lat' dir='ltr'><strong>Anagniae</strong></span> <span class='ocrx_word' id='word_1_204' title='bbox 1396 2744 1483 2809; x_wconf 89' lang='lat' dir='ltr'><strong>H.</strong></span> <span class='ocrx_word' id='word_1_205' title='bbox 1544 2742 1771 2809; x_wconf 83' lang='lat' dir='ltr'><strong>Nonas</strong></span> <span class='ocrx_word' id='word_1_206' title='bbox 1838 2742 2163 2827; x_wconf 83' lang='lat' dir='ltr'><strong>Octobris,</strong></span> <span class='ocrx_word' id='word_1_207' title='bbox 2219 2721 2642 2829; x_wconf 82' lang='lat' dir='ltr'><strong>pontificatus</strong></span> <span class='ocrx_word' id='word_1_208' title='bbox 2685 2744 2884 2809; x_wconf 88' lang='lat' dir='ltr'><strong>nostri</strong></span> 
     </span>
     <span class='ocr_line' id='line_1_28' title="bbox 528 2848 961 2895; baseline -0.005 -2"><span class='ocrx_word' id='word_1_209' title='bbox 528 2848 705 2895; x_wconf 82' lang='lat' dir='ltr'><strong>anno</strong></span> <span class='ocrx_word' id='word_1_210' title='bbox 752 2849 870 2895; x_wconf 81' lang='lat' dir='ltr'><strong>sex</strong></span> <span class='ocrx_word' id='word_1_211' title='bbox 902 2849 961 2892; x_wconf 89' lang='grc' dir='ltr'><strong>ο.</strong></span> 
     </span>
    </p>
   </div>
   <div class='ocr_carea' id='block_1_5' title="bbox 1560 3040 1866 3054">
    <p class='ocr_par' dir='ltr' id='par_1_6' title="bbox 1560 3040 1866 3054">
     <span class='ocr_line' id='line_1_29' title="bbox 1560 3040 1866 3054; baseline -0.003 0"><span class='ocrx_word' id='word_1_212' title='bbox 1560 3040 1866 3054; x_wconf 39' lang='grc' dir='ltr'><strong><em>ἡ</em></strong></span> 
     </span>
    </p>
   </div>
   <div class='ocr_carea' id='block_1_6' title="bbox 1666 3234 1768 3294">
    <p class='ocr_par' dir='ltr' id='par_1_7' title="bbox 1666 3234 1768 3294">
     <span class='ocr_line' id='line_1_30' title="bbox 1666 3234 1768 3294; baseline -0.029 1"><span class='ocrx_word' id='word_1_213' title='bbox 1666 3234 1768 3294; x_wconf 83' lang='grc'><strong>49.</strong></span> 
     </span>
    </p>
   </div>
   <div class='ocr_carea' id='block_1_7' title="bbox 629 3320 2786 3572">
    <p class='ocr_par' dir='ltr' id='par_1_8' title="bbox 629 3320 2786 3572">
     <span class='ocr_line' id='line_1_31' title="bbox 629 3320 2786 3468; baseline 0.003 -24"><span class='ocrx_word' id='word_1_214' title='bbox 629 3320 949 3447; x_wconf 78' lang='lat' dir='ltr'><strong>Literae</strong></span> <span class='ocrx_word' id='word_1_215' title='bbox 1001 3364 1443 3465; x_wconf 81' lang='lat' dir='ltr'><strong>Premyslai</strong></span> <span class='ocrx_word' id='word_1_216' title='bbox 1494 3364 1594 3447; x_wconf 90' lang='lat' dir='ltr'><strong>H.</strong></span> <span class='ocrx_word' id='word_1_217' title='bbox 1648 3365 1869 3468; x_wconf 85' lang='lat' dir='ltr'><strong>regis</strong></span> <span class='ocrx_word' id='word_1_218' title='bbox 1924 3363 2348 3449; x_wconf 82' lang='lat' dir='ltr'><strong>libertates</strong></span> <span class='ocrx_word' id='word_1_219' title='bbox 2404 3367 2786 3450; x_wconf 82' lang='lat' dir='ltr'><strong>ecclesiae</strong></span> 
     </span>
     <span class='ocr_line' id='line_1_32' title="bbox 1199 3467 2238 3572; baseline 0.004 -23"><span class='ocrx_word' id='word_1_220' title='bbox 1199 3467 1628 3572; x_wconf 84' lang='lat' dir='ltr'><strong>Pragensis</strong></span> <span class='ocrx_word' id='word_1_221' title='bbox 1683 3468 2238 3553; x_wconf 77' lang='lat' dir='ltr'><strong>confirmantis,</strong></span> 
     </span>
    </p>
   </div>
   <div class='ocr_carea' id='block_1_8' title="bbox 1627 3594 1811 3671">
    <p class='ocr_par' dir='ltr' id='par_1_9' title="bbox 1627 3594 1811 3671">
     <span class='ocr_line' id='line_1_33' title="bbox 1627 3594 1811 3671; baseline -0.011 0"><span class='ocrx_word' id='word_1_222' title='bbox 1627 3594 1811 3671; x_wconf 76' lang='lat'><strong>1262.</strong></span> 
     </span>
    </p>
   </div>
   <div class='ocr_carea' id='block_1_9' title="bbox 496 3778 2884 4125">
    <p class='ocr_par' dir='ltr' id='par_1_10' title="bbox 496 3778 2884 4041">
     <span class='ocr_line' id='line_1_34' title="bbox 722 3778 2884 3845; baseline 0 -16"><span class='ocrx_word' id='word_1_223' title='bbox 722 3778 1076 3843; x_wconf 82' lang='lat' dir='ltr'><strong>Premyslaus</strong></span> <span class='ocrx_word' id='word_1_224' title='bbox 1116 3778 1379 3830; x_wconf 78' lang='lat' dir='ltr'><strong>Otacarus</strong></span> <span class='ocrx_word' id='word_1_225' title='bbox 1414 3780 1486 3831; x_wconf 86' lang='lat'><strong>11.</strong></span> <span class='ocrx_word' id='word_1_226' title='bbox 1523 3778 1689 3845; x_wconf 73' lang='lat' dir='ltr'><strong>paulo</strong></span> <span class='ocrx_word' id='word_1_227' title='bbox 1725 3784 1847 3845; x_wconf 83' lang='lat' dir='ltr'><strong>po&#39;st</strong></span> <span class='ocrx_word' id='word_1_228' title='bbox 1882 3782 2284 3832; x_wconf 85' lang='lat' dir='ltr'><strong>coronationem</strong></span> <span class='ocrx_word' id='word_1_229' title='bbox 2319 3796 2472 3832; x_wconf 83' lang='lat' dir='ltr'><strong>suam</strong></span> <span class='ocrx_word' id='word_1_230' title='bbox 2520 3784 2578 3831; x_wconf 89' lang='lat' dir='ltr'><strong>in</strong></span> <span class='ocrx_word' id='word_1_231' title='bbox 2626 3782 2711 3833; x_wconf 87' lang='lat' dir='ltr'><strong>die</strong></span> <span class='ocrx_word' id='word_1_232' title='bbox 2746 3782 2884 3831; x_wconf 85' lang='lat' dir='ltr'><strong>Nati-</strong></span> 
     </span>
     <span class='ocr_line' id='line_1_35' title="bbox 515 3848 2882 3903; baseline 0.001 -6"><span class='ocrx_word' id='word_1_233' title='bbox 515 3848 699 3898; x_wconf 75' lang='lat' dir='ltr'><strong>vitatis</strong></span> <span class='ocrx_word' id='word_1_234' title='bbox 732 3848 1053 3899; x_wconf 82' lang='lat' dir='ltr'><strong>Dominicae</strong></span> <span class='ocrx_word' id='word_1_235' title='bbox 1092 3851 1227 3900; x_wconf 77' lang='lat'>1262</span> <span class='ocrx_word' id='word_1_236' title='bbox 1264 3849 1461 3899; x_wconf 83' lang='lat' dir='ltr'><strong>factam</strong></span> <span class='ocrx_word' id='word_1_237' title='bbox 1498 3848 1563 3899; x_wconf 86' lang='lat' dir='ltr'><strong>de</strong></span> <span class='ocrx_word' id='word_1_238' title='bbox 1599 3865 1740 3899; x_wconf 83' lang='lat' dir='ltr'><strong>novo</strong></span> <span class='ocrx_word' id='word_1_239' title='bbox 1775 3848 2108 3901; x_wconf 86' lang='lat' dir='ltr'><strong>confirmavit</strong></span> <span class='ocrx_word' id='word_1_240' title='bbox 2141 3849 2416 3901; x_wconf 81' lang='lat' dir='ltr'><strong>libertates</strong></span> <span class='ocrx_word' id='word_1_241' title='bbox 2463 3852 2722 3903; x_wconf 77' lang='lat' dir='ltr'><strong>ecclesiae</strong></span> <span class='ocrx_word' id='word_1_242' title='bbox 2767 3851 2882 3899; x_wconf 85' lang='lat' dir='ltr'><strong>Pra-</strong></span> 
     </span>
     <span class='ocr_line' id='line_1_36' title="bbox 516 3917 2884 3987; baseline 0.001 -22"><span class='ocrx_word' id='word_1_243' title='bbox 516 3917 697 3982; x_wconf 81' lang='lat' dir='ltr'><strong>gensis</strong></span> <span class='ocrx_word' id='word_1_244' title='bbox 742 3917 913 3968; x_wconf 86' lang='lat' dir='ltr'><strong>literis</strong></span> <span class='ocrx_word' id='word_1_245' title='bbox 960 3918 1109 3968; x_wconf 87' lang='lat' dir='ltr'><strong>hicce</strong></span> <span class='ocrx_word' id='word_1_246' title='bbox 1166 3918 1431 3981; x_wconf 87' lang='lat' dir='ltr'><strong>exhibitis,</strong></span> <span class='ocrx_word' id='word_1_247' title='bbox 1490 3932 1714 3982; x_wconf 89' lang='lat' dir='ltr'><strong>quorum</strong></span> <span class='ocrx_word' id='word_1_248' title='bbox 1763 3924 1914 3969; x_wconf 88' lang='lat' dir='ltr'><strong>tenor</strong></span> <span class='ocrx_word' id='word_1_249' title='bbox 1961 3920 2146 3986; x_wconf 78' lang='lat' dir='ltr'><strong>paucis</strong></span> <span class='ocrx_word' id='word_1_250' title='bbox 2194 3921 2446 3986; x_wconf 86' lang='lat' dir='ltr'><strong>exceptis,</strong></span> <span class='ocrx_word' id='word_1_251' title='bbox 2495 3921 2740 3987; x_wconf 85' lang='lat' dir='ltr'><strong>congruit</strong></span> <span class='ocrx_word' id='word_1_252' title='bbox 2771 3933 2884 3969; x_wconf 90' lang='lat' dir='ltr'><strong>cum</strong></span> 
     </span>
     <span class='ocr_line' id='line_1_37' title="bbox 496 3983 1978 4041; baseline 0.002 -5"><span class='ocrx_word' id='word_1_253' title='bbox 496 3983 916 4036; x_wconf 72' lang='lat' dir='ltr'><strong>&#39;confirmatione</strong></span> <span class='ocrx_word' id='word_1_254' title='bbox 950 4002 997 4038; x_wconf 86' lang='lat' dir='ltr'><strong>a.</strong></span> <span class='ocrx_word' id='word_1_255' title='bbox 1044 3988 1178 4036; x_wconf 79' lang='lat'>1253</span> <span class='ocrx_word' id='word_1_256' title='bbox 1218 3985 1343 4036; x_wconf 87' lang='lat' dir='ltr'><strong>data</strong></span> <span class='ocrx_word' id='word_1_257' title='bbox 1378 3992 1429 4038; x_wconf 88' lang='lat' dir='ltr'><strong>et</strong></span> <span class='ocrx_word' id='word_1_258' title='bbox 1463 3988 1562 4038; x_wconf 88' lang='lat' dir='ltr'><strong>sub</strong></span> <span class='ocrx_word' id='word_1_259' title='bbox 1600 4004 1654 4041; x_wconf 91' lang='lat' dir='ltr'><strong>n.</strong></span> <span class='ocrx_word' id='word_1_260' title='bbox 1690 3990 1758 4040; x_wconf 88' lang='grc'><strong>44</strong></span> <span class='ocrx_word' id='word_1_261' title='bbox 1796 3988 1978 4039; x_wconf 77' lang='lat' dir='ltr'><strong>allata.</strong></span> 
     </span>
    </p>

    <p class='ocr_par' dir='ltr' id='par_1_11' title="bbox 727 4054 2566 4125">
     <span class='ocr_line' id='line_1_38' title="bbox 727 4054 2566 4125; baseline 0.003 -21"><span class='ocrx_word' id='word_1_262' title='bbox 727 4054 1024 4120; x_wconf 81' lang='lat' dir='ltr'><strong>(Fontanus</strong></span> <span class='ocrx_word' id='word_1_263' title='bbox 1057 4056 1316 4107; x_wconf 78' lang='lat' dir='ltr'><strong>Bohemia</strong></span> <span class='ocrx_word' id='word_1_264' title='bbox 1350 4056 1466 4121; x_wconf 86' lang='lat' dir='ltr'><strong>Pia,</strong></span> <span class='ocrx_word' id='word_1_265' title='bbox 1502 4056 1763 4108; x_wconf 85' lang='lat' dir='ltr'><strong>Balbinus</strong></span> <span class='ocrx_word' id='word_1_266' title='bbox 1797 4058 1951 4108; x_wconf 74' lang='lat' dir='ltr'><strong>Misc.</strong></span> <span class='ocrx_word' id='word_1_267' title='bbox 1985 4057 2111 4109; x_wconf 86' lang='lat' dir='ltr'><strong>hist.</strong></span> <span class='ocrx_word' id='word_1_268' title='bbox 2146 4056 2284 4108; x_wconf 86' lang='lat' dir='ltr'><strong>Boh.</strong></span> <span class='ocrx_word' id='word_1_269' title='bbox 2320 4056 2415 4109; x_wconf 85' lang='lat' dir='ltr'><strong>VI.</strong></span> <span class='ocrx_word' id='word_1_270' title='bbox 2455 4058 2566 4125; x_wconf 80' lang='lat'><strong>16.)</strong></span> 
     </span>
    </p>
   </div>
   <div class='ocr_carea' id='block_1_10' title="bbox 512 4208 2874 4383">
    <p class='ocr_par' dir='ltr' id='par_1_12' title="bbox 512 4208 2874 4383">
     <span class='ocr_line' id='line_1_39' title="bbox 691 4208 2874 4295; baseline 0 -21"><span class='ocrx_word' id='word_1_271' title='bbox 691 4208 1047 4293; x_wconf 86' lang='lat' dir='ltr'><strong>Ottogarus</strong></span> <span class='ocrx_word' id='word_1_272' title='bbox 1104 4208 1233 4273; x_wconf 89' lang='lat' dir='ltr'><strong>Dei</strong></span> <span class='ocrx_word' id='word_1_273' title='bbox 1298 4211 1511 4295; x_wconf 83' lang='lat' dir='ltr'><strong>gratia</strong></span> <span class='ocrx_word' id='word_1_274' title='bbox 1562 4210 1644 4273; x_wconf 89' lang='lat' dir='ltr'><strong>V.</strong></span> <span class='ocrx_word' id='word_1_275' title='bbox 1707 4232 1826 4275; x_wconf 83' lang='lat' dir='ltr'><strong>rex</strong></span> <span class='ocrx_word' id='word_1_276' title='bbox 1879 4211 2296 4293; x_wconf 73' lang='lat' dir='ltr'><strong>Boemorum,</strong></span> <span class='ocrx_word' id='word_1_277' title='bbox 2359 4210 2497 4277; x_wconf 86' lang='lat' dir='ltr'><strong>dux</strong></span> <span class='ocrx_word' id='word_1_278' title='bbox 2559 4210 2874 4290; x_wconf 81' lang='lat' dir='ltr'><strong>Austriae,</strong></span> 
     </span>
     <span class='ocr_line' id='line_1_40' title="bbox 512 4294 2443 4383; baseline 0.001 -22"><span class='ocrx_word' id='word_1_279' title='bbox 512 4295 851 4361; x_wconf 81' lang='lat' dir='ltr'><strong>Moraviae</strong></span> <span class='ocrx_word' id='word_1_280' title='bbox 898 4294 1206 4374; x_wconf 81' lang='lat' dir='ltr'><strong>marchio,</strong></span> <span class='ocrx_word' id='word_1_281' title='bbox 1252 4296 1336 4361; x_wconf 90' lang='lat' dir='ltr'><strong>ad</strong></span> <span class='ocrx_word' id='word_1_282' title='bbox 1381 4298 1477 4362; x_wconf 87' lang='lat' dir='ltr'><strong>rei</strong></span> <span class='ocrx_word' id='word_1_283' title='bbox 1524 4298 1904 4364; x_wconf 84' lang='lat' dir='ltr'><strong>memoriam</strong></span> <span class='ocrx_word' id='word_1_284' title='bbox 1952 4299 2443 4383; x_wconf 86' lang='lat' dir='ltr'><strong>sempiternam.</strong></span> 
     </span>
    </p>
   </div>
   <div class='ocr_carea' id='block_1_11' title="bbox 3073 2116 3075 2161">
    <p class='ocr_par' dir='ltr' id='par_1_13' title="bbox 3073 2116 3075 2161">
     <span class='ocr_line' id='line_1_41' title="bbox 3073 2116 3075 2135; baseline 0 0"><span class='ocrx_word' id='word_1_285' title='bbox 3073 2116 3075 2135; x_wconf 59' lang='lat'>1</span> 
     </span>
     <span class='ocr_line' id='line_1_42' title="bbox 3074 2146 3075 2161; baseline 0 0"><span class='ocrx_word' id='word_1_286' title='bbox 3074 2146 3075 2161; x_wconf 50' lang='grc' dir='ltr'>η</span> 
     </span>
    </p>
   </div>
  </div>
 </body>
</html>
