3150 5017
498 274 633 319 nm.
682 272 781 320 111.
1436 288 1525 301 —-
1611 250 1739 318 368
1827 286 1912 301 --

488 428 700 515 pretio
764 433 987 513 partes
1048 424 1421 491 donationis
1486 444 1686 491 causa
1743 423 2164 499 venduntur,
2227 419 2500 487 dubium
2560 442 2694 485 non
2753 425 2874 501 est,

491 513 941 579 venditionem
991 511 1235 579 valere.
1322 515 1379 593 ξ.
1433 515 1537 576 15.
1588 512 1990 597 Quicunque
2035 518 2256 575 autem
2300 511 2368 574 in
2415 507 2710 574 fraudem
2753 504 2878 571 rei-

492 600 801 687 publicae
874 599 981 665 vel
1049 599 1446 664 creditorum
1518 599 1710 683 fingit
1778 620 1848 663 se
1912 618 2066 663 suas
2133 604 2352 683 partes
2397 602 2512 660 aut
2553 594 2717 659 alias
2761 612 2872 659 res

418 681 449 703 ‘⁷'
492 686 788 773 obligare
856 687 959 753 vel
1028 684 1345 767 vendere,
1412 685 1577 750 nihil
1645 686 1816 769 agit3
1887 684 2070 749 nuda
2125 684 2300 749 enim
2360 691 2424 747 et
2483 680 2874 767 imaginaria

493 774 787 839 venditio
834 794 951 859 pro
998 795 1131 839 non
1177 770 1359 837 facta
1406 781 1523 854 est,
1572 779 1642 837 et
1681 772 1835 837 ideo
1886 790 2011 837 nec
2057 769 2368 835 alienatio
2429 770 2574 856 ejus
2619 768 2713 833 rei
2757 765 2874 831 ad-

488 862 803 940 mittitur3
868 861 1025 946 quia
1083 860 1235 947 plus
1298 858 1493 935 valet,
1555 858 1730 945 quod
1791 860 1859 923 in
1912 858 2192 924 veritate
2251 858 2490 943 agitur,
2539 876 2734 943 quam
2780 854 2873 916 si-

488 946 736 1013 mulate
779 948 1165 1034 concipitur.

666 1124 727 1202 §.
794 1122 891 1185 16.
966 1120 1055 1185 Et
1122 1128 1222 1185 est
1296 1118 1477 1183 aliud
1550 1138 1759 1204 genus
1820 1118 2309 1204 acquisitionis:
2375 1114 2740 1183 Conductio
2807 1121 2882 1179 et

490 1208 769 1287 locati03
836 1228 990 1272 nam
1052 1207 1135 1271 ad
1198 1203 1694 1271 similitudinem
1755 1206 2105 1291 emptionis
2152 1213 2216 1270 et
2259 1204 2660 1269 venditionis
2716 1222 2878 1284 con-

492 1295 790 1375 trahitur,
854 1295 908 1358 si
970 1292 1433 1358 contrahentes
1492 1293 1562 1357 in
1628 1290 2064 1357 conductione
2126 1299 2190 1357 et
2247 1290 2573 1356 locatione
2638 1309 2882 1355 conve-

496 1388 737 1447 nerunt
796 1387 973 1445 certa
1035 1380 1335 1444 mercede
1381 1386 1643 1461 statuta,
1705 1380 1861 1464 quia
1919 1380 2062 1444 sine
2127 1376 2429 1443 mercede
2489 1374 2674 1441 nulla
2731 1397 2881 1463 pro-

496 1467 673 1534 cedit
733 1468 1099 1532 conductio.
1206 1461 1276 1532 Si
1350 1468 1573 1551 itaque
1648 1466 1820 1531 inter
1893 1466 2354 1532 contrahentes
2431 1464 2882 1544 convenerint,

496 1563 570 1620 ut
638 1564 887 1640 quanta
948 1552 1250 1617 mercede
1308 1552 1541 1618 Petrus
1615 1574 1753 1617 rem
1813 1551 2156 1617 locandam
2191 1574 2204 1587 ·
2227 1551 2690 1632 aestimaverit,
2757 1570 2883 1635 pro

497 1649 682 1706 tanta
726 1642 812 1705 sit
856 1638 1090 1721 locata,
1138 1646 1204 1703 et
1248 1639 1570 1726 siquidem
1617 1640 1760 1724 ipse
1805 1640 1918 1725 qui
1978 1639 2356 1704 nominatus
2422 1644 2554 1712 est,
2626 1657 2880 1702 merce-

499 1728 645 1791 dem
696 1725 1054 1791 definierit:
1117 1726 1490 1790 omnimode
1564 1726 1927 1791 secundum
1974 1727 2118 1812 ejus
2163 1726 2637 1790 aestimtionem
2703 1744 2882 1789 mer-

501 1835 609 1879 ces
676 1813 1091 1900 persolvatur
1158 1822 1225 1877 et
1290 1835 1394 1877 res
1453 1812 1788 1894 tradatur,
1862 1821 1934 1876 ut
2010 1813 2094 1877 ad
2155 1812 2456 1879 effectum
2527 1810 2883 1885 conductio

502 1900 922 1988 perducatur.
1014 1903 1071 1981 §.
1126 1900 1225 1963 17.
1276 1899 1393 1965 Sin
1462 1907 1681 1963 autem
1743 1898 1877 1981 ille,
1991 1900 2059 1963 ui
2129 1899 2508 1965 nominatus
2569 1906 2689 1979 est,
2737 1898 2885 1962 sive

503 1987 792 2053 noluerit
836 1986 1201 2051 mercedem
1253 1987 1392 2051 sive
1453 2007 1588 2049 non
1635 1986 1920 2071 potuerit
2014 1986 2260 2067 efinire,
2304 1994 2464 2051 tunc
2507 2004 2624 2069 pro
2671 1982 2883 2048 nihilo

503 2084 603 2142 est
668 2072 1049 2153 conducti0‚
1130 2073 1318 2158 quasi
1388 2072 1572 2137 nulla
1642 2072 1944 2138 mercede
2021 2074 2395 2137 constituta.
2503 2069 2700 2152 Quod
2767 2071 2884 2157 jus

504 2181 655 2225 cum
702 2160 1147 2226 locationibus
1192 2170 1259 2225 et
1306 2158 1862 2225 conductionibus
1925 2159 2117 2225 nobis
2177 2158 2521 2245 placuerit,
2583 2178 2718 2222 non
2783 2164 2887 2223 est

506 2246 891 2328 absurdum,
940 2253 1006 2311 et
1048 2248 1119 2310 in
1165 2245 1609 2333 emptionibus
1670 2254 1736 2309 et
1792 2246 2292 2312 venditionibus
2338 2244 2554 2310 locum
2613 2242 2880 2309 habere.

687 2336 746 2416 ξ.
800 2335 898 2399 18.
945 2332 1113 2397 Item
1161 2331 1712 2419 quemadmodum
1767 2334 1841 2405 in
1903 2331 2180 2397 emendo
2243 2353 2321 2397 ac
2379 2329 2726 2396 vendendo
2786 2351 2884 2395 re-

514 2419 831 2506 gulariter
908 2440 1289 2485 concessum
1340 2428 1457 2501 est,
1528 2417 1704 2507 quod
1749 2418 1960 2507 pluris
2021 2421 2125 2501 sit,
2186 2420 2458 2483 minoris
2519 2438 2759 2499 emere,
2820 2424 2887 2482 et

514 2506 692 2593 quod
737 2508 1011 2571 minoris
1060 2508 1159 2582 sit,
1205 2506 1416 2589 pluris
1464 2527 1702 2586 emere,
1764 2515 1830 2571 et
1874 2508 1968 2571 ita
2027 2506 2312 2571 invicem
2359 2526 2430 2570 se
2475 2504 2886 2570 circumscri-

482 2595 705 2660 bere:
768 2615 1083 2681 magnum
1129 2592 1237 2657 hic
1296 2594 1365 2656 in
1426 2591 1865 2659 locationibus
1927 2600 1992 2659 et
2052 2591 2602 2658 conductionibus
2664 2590 2885 2655 locum

512 2679 743 2764 habet3
819 2688 884 2744 et
947 2678 1074 2745 hoc
1148 2680 1436 2745 maxime
1503 2701 1624 2745 nos
1693 2689 1758 2744 et
1816 2688 2076 2745 nostros
2117 2680 2332 2764 tangit
2375 2685 2746 2753 montanos,
2811 2696 2887 2742 eo

515 2766 691 2853 quod
751 2788 791 2829 a
856 2765 1121 2831 saeculo
1182 2788 1316 2831 non
1378 2774 1478 2831 est
1537 2766 1859 2847 auditum,
1917 2774 2016 2831 tot
2059 2787 2334 2852 magnas
2380 2773 2445 2831 et
2491 2764 2888 2851 pretiosissi-

514 2875 656 2918 mas
704 2852 1065 2920 locationes
1112 2861 1178 2919 et
1224 2853 1696 2918 conductiones
1743 2854 2042 2917 contrahi
2089 2853 2158 2917 in
2204 2861 2338 2917 tam
2385 2851 2646 2917 modico
2671 2859 2889 2923 terrae

518 2941 753 3027 spatie,
805 2942 974 3005 sicut
1018 2940 1087 3004 in
1135 2940 1570 3024 argentifodio
1617 2944 1843 3003 nostro
1892 2938 2218 3021 Chutnae‚
2262 2937 2454 3004 nobis
2501 2937 2585 3003 ab
2632 2938 2889 3023 origine

513 3026 742 3091 mundi
826 3026 1094 3092 coelesti
1176 3026 1592 3113 providentia
1665 3036 2020 3091 reservam.
2125 3026 2254 3091 Sed
2334 3024 2511 3113 quod
2585 3035 2891 3090 creatura

512 3135 647 3178 non
692 3112 953 3195 habeat,
1002 3122 1073 3179 ut
1117 3135 1237 3199 pro
1284 3115 1533 3179 meritis
1577 3112 1980 3199 respondeat
2025 3114 2322 3196 creatori,
2385 3110 2616 3177 saltem
2681 3111 2887 3175 mani·

517 3200 637 3265 bus
686 3202 919 3265 erectis
964 3201 1032 3263 in
1056 3196 1331 3285 ‘coelum
1380 3201 1625 3285 gratias
1671 3202 1928 3285 agimus
1973 3222 2090 3285 pro
2137 3198 2464 3264 universis
2509 3196 2883 3280 beneficiis3

515 3288 669 3373 quia
717 3309 835 3351 sua
880 3287 1093 3372 gratia
1137 3308 1256 3351 nos
1304 3286 1589 3351 creando
1635 3288 1702 3350 in
1749 3286 1873 3351 hoc
1917 3288 2090 3351 inter
2135 3296 2356 3352 cetera
2400 3283 2725 3350 beneficia
2768 3304 2887 3349 nos

514 3372 755 3455 beavit,
802 3383 874 3437 ut
920 3374 1377 3461 quasi—omnia
1421 3395 1627 3459 regna
1672 3373 1899 3438 mundi
1939 3375 2081 3459 jam
2129 3374 2272 3437 auri
2295 3395 2373 3436 ar
2417 3372 2685 3457 entique
2709 3370 2882 3435 fodio

516 3460 868 3539 exsiccata,
933 3452 1073 3524 sola
1132 3458 1368 3527 fertilis
1430 3458 1748 3525 Bohemia
1807 3461 2048 3525 nostris
2111 3461 2392 3545 tempori
2440 3480 2518 3523 us
2564 3478 2681 3522 suo
2729 3476 2880 3522 auro

502 3556 579 3611 et
624 3554 897 3631 argento
943 3545 1248 3611 fertiliter
1290 3546 1613 3633 irrigaret.
1705 3546 1919 3629 Quam
1969 3545 2052 3611 ob
2099 3568 2236 3611 rem
2284 3546 2524 3611 nostris
2556 3542 2880 3610 montanis

514 3634 768 3697 sincere
834 3631 1239 3698 intendimus
1306 3632 1673 3719 providere,
1743 3640 1815 3697 ut
1883 3633 2336 3720 unusquisque
2405 3632 2548 3696 sine
2617 3631 2882 3696 alterius

513 3718 918 3805 praejudicio
966 3720 1102 3785 suis
1148 3722 1445 3785 terminis
1491 3726 1621 3785 stet
1664 3728 2030 3803 contentus.
2123 3723 2183 3802 ξ.
2235 3720 2334 3784 19.
2395 3717 2572 3784 Sane
2633 3719 2689 3783 si
2736 3738 2879 3783 con-

511 3806 911 3872 trahentium
960 3806 1284 3892 placuerit
1327 3805 1674 3887 voluntati,
1721 3806 1889 3871 tales
1935 3815 2156 3893 partes
2202 3826 2520 3892 expressa
2585 3802 2881 3870 mercede

512 3892 597 3957 ad
656 3901 905 3959 certum
952 3895 1307 3958 terminum
1370 3894 1501 3958 sint
1568 3893 1856 3977 locatae3
1929 3913 2392 3979 quamcunque
2452 3892 2628 3956 enim
2674 3891 2878 3977 legem

512 3988 673 4045 tunc
717 3981 843 4066 ipsi
890 3988 1231 4045 contractu
1279 3979 1359 4044 de
1406 3980 1738 4045 communi
1785 4000 2110 4045 consensu
2155 3979 2535 4055 indixerint,
2581 3976 2666 4042 ab
2713 3987 2880 4042 utro-

516 4088 641 4154 que
674 4065 1696 4139 contrahentiuminviolabiliter
1722 4065 2125 4134 observetur.
2173 4071 2234 4150 ξ.
2259 4066 2365 4132 20.
2409 4065 2488 4131 In
2513 4062 2876 4151 hujusmodi

512 4162 731 4218 autem
802 4154 1311 4240 obligationibus
1376 4154 1553 4219 idem
1623 4155 1910 4219 maxime
1979 4162 2280 4241 spectare
2327 4152 2664 4235 debemus,
2712 4148 2878 4237 quod

511 4262 631 4328 per
703 4249 1048 4327 utramque
1114 4250 1363 4328 partem
1435 4241 1883 4319 convenerint,
1952 4250 2025 4306 ut
2095 4242 2150 4306 si
2197 4242 2344 4330 quis
2390 4248 2550 4307 tunc
2592 4240 2876 4326 ipsorum
