3150 5017
1524 323 1997 392 ,202-

569 499 976 588 praedictum
1020 499 1359 566 falsarium
1416 499 1788 566 confessum
1845 499 2070 579 fuisse,
2129 498 2256 565 sibi
2321 506 2572 586 partem
2651 497 2920 584 ejusdem

568 587 717 654 falsi
784 587 1205 654 commisisse.
1280 591 1339 670 ξ.
1386 589 1447 652 3.
1494 586 1565 652 Si
1609 595 1770 652 tunc
1827 587 1992 652 civis
2050 585 2164 651 ille
2207 585 2689 652 rationabiliter
2729 588 2918 673 requi-

571 676 735 740 situs
758 674 841 741 de
926 673 1251 749 raedictis,
1294 683 1363 740 et
1404 673 1740 761 professus
1769 674 1968 739 fuerit
2011 672 2288 742 eandem
2333 681 2588 761 partem
2629 674 2924 761 pecuniae

570 763 641 827 in
688 770 873 828 custo
924 763 985 826 ‘a
1030 783 1099 826 se
1142 761 1405 843 habere,
1464 762 1776 826 immunis
1821 760 1946 826 erit
1989 760 2076 828 ab
2122 762 2342 828 omnia
2387 781 2618 846 poena.
2665 765 2724 844 ξ.
2767 766 2823 828 4.
2863 759 2924 826 Si

568 869 725 914 vero
770 849 1113 934 negaverit
1156 856 1221 915 et
1278 869 1430 935 pars
1492 849 1810 932 pecuniae
1867 847 2166 934 ejusdem
2211 849 2509 935 quaesita
2565 847 2744 936 apud
2785 869 2919 914 eum

568 937 841 1002 inventa
884 936 1096 1012 fuerit,
1140 955 1395 1022 poenae
1437 934 1689 1001 falsarii
1736 932 2121 1022 subjacebit,
2167 936 2262 999 ita
2305 933 2569 1010 scilicet,
2615 935 2671 1000 si
2715 933 2921 1000 eadem

572 1023 851 1110 pecunia
894 1021 1066 1088 falsa
1108 1021 1337 1106 fuerit3
1382 1023 1437 1086 si
1482 1031 1700 1088 autem
1747 1021 2014 1104 munda,
2077 1043 2328 1107 poenae
2397 1021 2519 1086 LX
2587 1019 2924 1088 solidorum

572 1109 959 1196 subjacebit.
1048 1112 1106 1191 ἓ.
1168 1109 1229 1175 5.
1290 1109 1360 1176 Si
1405 1130 1563 1175 vero
1607 1109 1934 1194 burgense
1994 1107 2268 1174 absente
2329 1107 2593 1196 hospita
2651 1109 2924 1195 quaesita

571 1195 771 1262 fuerit
815 1205 881 1262 et
924 1197 1280 1282 negaverit,
1340 1195 1525 1262 salvo
1576 1197 1729 1282 Jure
1806 1196 2084 1280 hospitis
2141 1197 2454 1261 immunis
2514 1194 2922 1284 permanebit.

746 1284 852 1352 24.
897 1283 1023 1348 Pro
1070 1282 1343 1350 vulnere
1387 1282 1664 1348 duellari
1704 1284 1960 1370 justitia
2011 1281 2257 1368 judicis
2301 1291 2400 1348 est
2443 1303 2580 1348 una
2623 1303 2839 1347 marca
2876 1291 2930 1348 et

574 1391 695 1458 pro
739 1369 1011 1436 vulnere
1054 1369 1231 1458 quod
1275 1367 1513 1436 dicitur
1555 1371 1713 1436 lem
1734 1371 1850 1451 de,
1886 1369 2145 1454 justitia
2180 1369 2425 1457 judicis
2463 1368 2634 1435 duae
2672 1390 2928 1446 marcae,

572 1477 691 1545 pro
738 1455 977 1540 duello,
1024 1457 1079 1522 si
1171 1479 1255 1521 uo
1304 1456 1499 1522 modo
1536 1457 1744 1543 jurati
1791 1454 2334 1522 deliberaverunt.

746 1543 851 1611 25.
899 1549 959 1626 ξ.
1011 1546 1066 1607 1.
1164 1545 1185 1607 i
1230 1544 1377 1629 quis
1437 1541 1708 1631 aliquod
1752 1541 2012 1630 pondus
2057 1544 2199 1608 sive
2242 1544 2512 1629 gravius
2557 1543 2696 1608 sive
2737 1540 2932 1607 levius

574 1629 879 1696 habuerit
945 1650 1141 1717 quam
1202 1631 1273 1696 in
1339 1639 1620 1700 moneta.
1689 1651 1888 1695 manu
1947 1629 2362 1696 truncabitur
2419 1638 2532 1694 aut
2591 1649 2838 1717 poenae
2876 1629 2932 1693 X

576 1737 945 1782 marcarum
1014 1715 1400 1804 subjacebit.
1468 1722 1527 1800 §-
1597 1719 1658 1781 2.
1727 1715 1796 1783 Si
1863 1718 2010 1804 quis
2069 1719 2282 1783 victus
2328 1716 2526 1781 fuerit
2569 1737 2720 1781 cum
2783 1713 2933 1780 falsa

576 1802 735 1872 ulna
778 1805 886 1868 vel
931 1824 1079 1868 cum
1124 1825 1435 1869 mensura
1478 1826 1650 1891 quae
1693 1805 1935 1871 dicitur
1979 1805 2272 1886 atrioli,
2331 1825 2532 1870 manu
2591 1803 2699 1868 vel
2742 1823 2934 1889 poena

576 1890 1055 2042 dearcarum
1102 1893 1427 1978 punietur,
1470 1900 1537 1957 et
1583 1891 1753 1957 duae
1798 1899 2016 1979 partes
2059 1889 2437 1976 hujusmodi
2481 1890 2715 1976 judici,
2759 1890 2933 1954 tertia

580 1999 659 2043 oe
706 1985 773 2044 et
824 1979 1070 2043 ‘uratis.

750 2000 853 2130 26!-
901 2065 1031 2146 Qui
1076 2063 1365 2151 gladium
1428 2086 1648 2130 coram
1701 2066 1939 2152 juratis
2005 2066 2472 2151 evaginaverit,
2534 2062 2748 2130 solvet
2813 2083 2930 2128 me·

582 2151 757 2217 diam
804 2173 1091 2216 marcam
1128 2150 1342 2237 judici
1386 2152 1705 2217 absolute.

748 2239 853 2304 27.
899 2239 1007 2304 De
1028 2237 1333 2304 omnibus
1375 2238 1614 2324 gladiis
1657 2260 1821 2325 quos
1844 2240 2172 2324 acceperit
2199 2237 2415 2324 judex
2457 2236 2934 2316 rationabiliter,

475 2417 479 2420 .
580 2347 839 2414 semper
880 2326 1113 2391 tertius
1158 2324 1347 2392 cedet
1392 2326 1661 2391 civitati.

752 2413 856 2479 28.
903 2413 975 2476 Si
1020 2413 1166 2498 quis
1201 2413 1571 2499 juratorum
1605 2411 1954 2499 culpabilis
1991 2411 2188 2478 fuerit
2226 2433 2343 2499 pro
2389 2411 2612 2500 aliquo
2657 2431 2932 2490 excessu,

584 2500 754 2565 sicut
798 2499 963 2564 alter
1006 2498 1199 2563 bomo
1244 2500 1568 2584 punietur.

760 2584 863 2650 29.
910 2584 978 2652 Si
1026 2583 1155 2650 duo
1198 2608 1317 2672 pro
1366 2587 1700 2651 oraverint
1718 2585 1805 2652 ad
1827 2585 2358 2674 conquerendum
2395 2584 2630 2672 judici,
2677 2586 2790 2672 qui
2833 2584 2933 2668 pri·
3066 2595 3067 2636 ἐ

582 2693 761 2736 mum
806 2670 891 2735 ad
938 2669 1199 2736 domum
1237 2609 1483 2756 jugieis
1527 2671 1815 2738 familiae
1839 2672 2378 2756 pronuntiaverit,
2425 2673 2701 2758 primam
2749 2671 2932 2759 queri-

580 2759 865 2823 moniam
928 2757 1268 2841 obtinebit,
1394 2761 1650 2825 uamvis
1710 2759 1876 2825 alter
1949 2759 2019 2824 in
2082 2768 2300 2824 monte
2367 2781 2586 2826 coram
2646 2760 2933 2846 magistro

584 2846 825 2911 montis
888 2855 1285 2932 conquestus
1378 2847 1562 2929 uerit,
1625 2846 1731 2913 vcl
1793 2849 1848 2911 si
1899 2846 2195 2933 judicem
2257 2849 2325 2910 in
2385 2846 2528 2912 foro
2589 2847 2695 2911 vel
2738 2847 2807 2911 in
2848 2846 2937 2910 via
3063 2905 3065 2942 ÷

579 2933 688 2999 vol
732 2934 801 2998 in
847 2953 1259 3021 quacumque
1304 2933 1495 2998 domo
1542 2943 1998 3020 praeterquam
2043 2935 2113 2998 in
2155 2935 2422 3020 propria
2461 2933 2804 3015 invenerit,
2844 2929 2936 2996 ille

580 3030 802 3086 tamen
850 3019 1175 3084 obtinebit
1218 3021 1471 3085 ratione
1507 3021 1676 3106 juris
1719 3021 2168 3108 praecedente.

755 3106 856 3172 30.
904 3107 1033 3188 Qui
1077 3129 1199 3194 pro
1245 3106 1468 3194 aliqua
1526 3108 1936 3194 querimonia
1971 3107 2183 3194 judici
2244 3115 2700 3196 praesentatus
2743 3106 2935 3180 fuerit,

582 3203 649 3260 et
691 3190 1107 3277 fidejussores
1152 3216 1283 3259 non
1328 3191 1648 3275 habuerit,
1693 3193 1866 3262 infra
1909 3196 2355 3281 captivitatem
2416 3216 2532 3280 pro
2595 3192 2738 3260 aliis
2795 3213 2934 3278 que·
3060 3213 3063 3280 ᾗ

584 3280 881 3346 timoniis
922 3279 1087 3345 nulli
1136 3279 1576 3367 respondebit.

760 3368 864 3433 31.
911 3366 1040 3447 Qui
1084 3366 1371 3455 aliquem
1394 3389 1512 3454 pro
1538 3367 1893 3433 homicidio
1931 3368 2040 3434 vel
2084 3389 2204 3453 pro
2247 3367 2520 3434 vulnere
2565 3365 2742 3455 quod
2785 3363 2938 3431 cedit

584 3454 667 3518 ad
714 3451 1023 3536 duellum,
1068 3455 1137 3518 in
1185 3455 1657 3540 querimoniam
1702 3457 1996 3538 traxerit,
2041 3465 2108 3522 et
2153 3457 2206 3520 si
2245 3477 2368 3520 con
2415 3475 2654 3520 uerens
2695 3455 2762 3518 in
2803 3473 2936 3518 eum

586 3538 865 3628 probare
928 3561 1060 3606 non
1136 3542 1391 3625 poterit,
1459 3541 1672 3626 judici
1749 3541 2105 3608 satisfaciet
2165 3543 2233 3607 in
2293 3543 2348 3607 L
2477 3540 2826 3607 solidorum
2885 3545 2938 3602 et

587 3625 857 3693 cuilibet
896 3626 1261 3712 juratorum
1308 3628 1375 3693 in
1420 3627 1553 3693 XV
1597 3637 1662 3693 et
1705 3627 1872 3694 liber
1912 3627 2185 3694 dicatur.

760 3713 865 3780 32.
957 3716 1016 3797 ξ.
1067 3714 1124 3779 1.
1175 3713 1299 3779 Pro
1344 3713 1748 3801 quibuslibet
1789 3715 1913 3780 LX
1965 3715 2191 3782 solidis
2228 3715 2438 3802 judex
2479 3712 2844 3801 placabitur
2881 3712 2935 3774 in

594 3800 865 3866 dimidio
910 3798 1163 3868 fertone
1220 3802 1290 3865 in
1338 3801 1701 3868 minoribus
1761 3804 1996 3880 causis,
2055 3810 2122 3869 et
2183 3805 2238 3868 si
2297 3800 2708 3868 satisfaciens
2765 3799 2936 3866 fuerit

587 3894 823 3965 certus,
866 3889 1123 3955 sinatur
1186 3886 1403 3973 abire;
1472 3891 1575 3954 siu
1643 3899 1883 3968 autem,
1926 3891 2344 3978 requirantur
2401 3887 2485 3953 ab
2545 3909 2624 3954 eo
2689 3888 2929 3974 fidejus-

590 3993 784 4040 sores.
829 3977 887 4057 ξ.
904 3975 967 4040 2.
1011 3974 1391 4040 Transactis
1414 3983 1634 4041 autem
1659 3977 2149 4065 quatuordecim
2176 3975 2404 4042 diebus
2429 3977 2486 4041 si
2505 3972 2804 4063 placatus
2825 3993 2932 4039 non

588 4059 784 4126 fuerit
833 4061 1065 4144 judex,
1108 4083 1323 4149 poena
1367 4062 1740 4151 praedictae
1783 4064 2018 4151 culpae
2064 4086 2196 4130 non
2242 4062 2614 4149 duplicetur
2671 4083 2796 4128 nec
2836 4061 2926 4126 tri-

589 4145 885 4233 plicetur,
948 4148 1061 4213 sed
1125 4152 1478 4236 assumptis
1546 4173 1764 4216 secum
1822 4150 2062 4237 jura-tis
2107 4151 2262 4236 impi
2317 4157 2582 4216 noretur
2625 4169 2776 4214 reus
2819 4150 2928 4213 sive

590 4232 952 4320 fidejussor.
1040 4239 1101 4318 ξ.
1149 4238 1209 4302 3.
1255 4238 1669 4324 Quicumque
1729 4245 1948 4304 autem
1992 4239 2062 4302 in
2106 4259 2264 4326 prae
2311 4239 2458 4304 ictis
2521 4236 2814 4302 articulis
2855 4255 2926 4298 re-

591 4319 804 4388 bellus
870 4322 1177 4407 extiterit,
1235 4324 1447 4410 judici
1504 4326 1575 4390 in
1635 4346 1852 4411 poena
1909 4325 2024 4392 Lx
2069 4324 2190 4392 sol.
2235 4324 2625 4414 subjacebit,
2687 4320 2927 4388 cuilibet
