3150 5017
557 295 844 341 m.m.
1497 273 1981 342 -358—

557 445 778 512 facere
823 454 892 512 et
937 468 1068 533 exp
1079 465 1296 528 enses,
1357 455 1430 511 ut
1499 445 1788 512 inaniter
1846 467 1981 512 non
2040 452 2387 511 vexentur.
2474 442 2691 510 Debet
2746 445 2920 509 etiam

567 533 1005 599 'uramentum
1063 531 1236 598 hanc
1299 530 1667 598 clausulam
1728 533 2089 613 continere,
2151 539 2225 597 ut
2268 529 2673 595 interdicens
2717 530 2919 598 metal-
2966 531 2973 540 ’

593 640 704 684 um
749 639 1016 684 causam
1061 640 1248 684 suam
1294 639 1514 686 coram
1561 619 1881 704 magistro
1926 619 2171 684 montis
2216 626 2333 682 aut
2368 615 2597 704 judice
2642 618 2919 704 proximo

561 705 958 772 adveniente
994 705 1254 789 judicio
1317 715 1791 792 prosequatur3
1853 705 2152 790 alioquin
2218 703 2317 768 sic
2362 701 2703 768 metallum
2746 705 2922 769 inter·

567 791 818 858 dictum
862 791 1073 858 libere
1133 790 1538 858 absolvatur.
1626 792 1797 858 Nam
1844 815 2044 879 super
2087 791 2313 856 omnia
2360 790 2546 855 cordi
2592 790 2780 859 nobis
2822 800 2924 872 est,

563 899 890 966 pauperes
936 879 1194 966 eripere
1239 877 1324 942 ab
1368 879 1617 965 iniquis
1658 877 2019 944 insultibus
2064 877 2537 963 superborum3
2592 877 2719 942 hoc
2760 877 2916 943 idem

516 1012 518 1015 ψ
567 963 692 1030 sub
755 964 1030 1032 obtentu
1087 967 1338 1051 gratiae
1395 975 1682 1042 nostrae,
1748 965 2059 1032 omnibus
2114 962 2519 1030 officialibus
2576 965 2812 1029 nostris
2850 985 2918 1028 ac

559 1050 905 1138 judicibus
962 1052 1380 1138 imperantes.
1467 1055 1531 1136 ξ.
1604 1053 1665 1118 7.
1722 1052 1853 1118 Pro
1945 1052 2277 1118 communi
2350 1057 2573 1116 tamen
2649 1071 2920 1138 expensa

565 1138 924 1224 unicuique
967 1136 1328 1205 laboratori
1385 1137 1725 1204 metallum
1784 1147 1885 1205 est
1930 1137 2183 1204 licitum
2228 1157 2555 1223 occupare
2599 1139 2743 1204 sine
2784 1158 2921 1224 quo·

567 1224 733 1290 libet
766 1225 1167 1311 juramento,
1226 1235 1423 1312 prout
1463 1246 1668 1312 supra
1714 1226 1798 1291 de
1842 1225 2063 1292 officio
2109 1224 2575 1310 magistrorum
2626 1227 2924 1288 montium

573 1311 738 1378 satis
781 1321 882 1378 est
925 1311 1194 1378 dictum.
1237 1316 1298 1394 5.
1331 1313 1390 1377 8.
1417 1311 1738 1378 Noverint
1760 1314 2035 1398 insuper
2056 1311 2350 1377 universi
2408 1313 2725 1388 montani,
2771 1309 2929 1398 quod

579 1418 717 1462 non
758 1399 1048 1484 patimur
1089 1398 1175 1464 ab
1219 1398 1443 1486 aliquo
1479 1397 1803 1464 interdici
1873 1401 2231 1466 sectionem
2278 1417 2384 1464 mo
2405 1399 2617 1463 ntium
2662 1406 2727 1464 et
2768 1396 2928 1462 labo·

571 1505 732 1568 rem,
776 1486 905 1550 nisi
944 1495 1106 1551 tunc
1125 1483 1210 1551 ob
1234 1507 1374 1551 rem
1409 1485 1739 1571 publicam
1782 1486 1947 1553 fiant
1989 1484 2344 1551 interdicta
2382 1485 2529 1568 jam
2572 1483 2927 1573 praedicta;

571 1569 690 1637 sed
753 1571 1206 1672 'unusquisque
1267 1572 1351 1636 ob
1411 1592 1597 1658 spem
1650 1573 1822 1658 juris
1880 1577 1981 1638 sui
2026 1571 2253 1637 labore
2301 1569 2683 1638 nullatenus
2728 1569 2928 1659 prohi-

571 1656 784 1739 betur,
846 1679 1006 1745 qum
1043 1660 1154 1745 jus
1199 1657 1378 1745 quod
1422 1658 1664 1725 habeat
1713 1658 1971 1743 judicio
2030 1658 2177 1724 decl
2188 1666 2431 1724 aretur.
2518 1660 2574 1744 ξ.
2620 1660 2682 1724 9.
2772 1657 2927 1724 Sane

571 1745 628 1810 si
671 1766 712 1808 a
755 1742 1258 1810 concessoribus
1302 1745 1830 1831 argentifodium‚
1874 1747 1942 1811 in
1990 1767 2123 1833 quo
2167 1746 2630 1811 concessiones
2674 1744 2923 1820 fuerint,

573 1831 914 1898 amittatur
957 1841 1072 1897 aut
1115 1831 1246 1897 alio
1291 1831 1486 1897 modo
1517 1831 1813 1918 quolibet
1854 1834 1923 1898 in
1947 1832 2155 1898 alium
2186 1829 2658 1898 transferatur:
2704 1831 2924 1896 nihilo-

575 1919 793 1984 minus
835 1918 1199 1984 laneonarii
1225 1928 1510 1984 sectores
1554 1941 1673 2005 pro
1719 1918 1951 1985 eadem
1994 1920 2395 2006 proprietate
2438 1920 2751 2006 omnique
2787 1919 2923 2003 jure

577 2005 751 2070 sicut
793 2005 975 2092 prius
1017 2006 1088 2070 in
1133 2007 1272 2071 suis
1313 2005 1850 2070 concessionibus
1892 2007 2367 2089 remanebunt;
2425 2006 2584 2093 quia
2625 2026 2735 2070 res
2778 2006 2929 2070 inter

575 2090 743 2158 alios
827 2100 974 2156 acta
1033 2091 1182 2157 aliis
1241 2113 1374 2158 non
1433 2092 1879 2179 prae‘udicat,
1938 2101 2007 2158 et
2064 2093 2260 2158 etiam
2322 2113 2429 2158 res
2495 2094 2735 2158 transit
2796 2111 2927 2156 cum

576 2200 698 2244 suo
731 2199 928 2243 onere
947 2179 1293 2244 ethonore.
1343 2183 1403 2262 §-
1433 2181 1532 2246 10.
1608 2181 1803 2246 ivero
1835 2181 1999 2245 istae
2022 2180 2484 2244 concessiones
2505 2187 2661 2244 sunt
2684 2198 2928 2244 muces-

579 2286 715 2345 sae,
779 2273 1078 2351 postqam
1123 2264 1207 2330 lis
1252 2288 1400 2330 cum
1444 2267 1585 2330 suis
1640 2265 2138 2331 conces-oribus
2182 2265 2381 2330 fuerit
2424 2263 2753 2346 inchoata,
2810 2283 2929 2328 non

569 2351 814 2432 valent,
889 2353 1044 2438 quia
1074 2403 1082 2410 .
1118 2350 1232 2417 lite
1310 2351 1591 2439 pedente
1666 2352 1828 2417 nihil
1908 2351 2359 2416 innovandum
2439 2361 2575 2436 est3
2638 2349 2817 2415 unde
2870 2349 2929 2412 in

570 2436 700 2503 hoc
761 2459 954 2522 casu·
995 2439 1456 2505 concessiones
1528 2439 1615 2504 ad
1675 2440 1993 2505 victorem
2056 2459 2207 2502 cum
2278 2436 2469 2502 laneo
2526 2443 2929 2504 retranseunt

567 2523 938 2612 principali.
1017 2529 1079 2606 ξ.
1130 2527 1229 2590 11.
1275 2524 1353 2590 In
1401 2527 1581 2592 omni
1628 2534 1845 2591 autem
1893 2525 2390 2591 concessionum
2436 2545 2657 2606 causa,
2704 2525 2775 2588 in
2820 2541 2933 2608 qua

571 2612 886 2696 magister
947 2613 1186 2676 montis
1244 2613 1431 2678 testis
1491 2611 1879 2699 principalis
1940 2634 2011 2677 re
2060 2611 2313 2693 uiritur,
2376 2610 2685 2676 nolumus
2731 2612 2931 2695 ipsum

563 2698 820 2784 judicio
865 2697 1258 2785 praesidere,
1319 2701 1478 2786 quia
1533 2699 1760 2763 nullus
1818 2700 1889 2763 in
1942 2719 2029 2764 ea
2078 2718 2179 2762 em
2242 2719 2445 2762 causa
2494 2696 2709 2782 judex
2755 2705 2820 2762 et
2858 2703 2931 2759 te-

571 2783 692 2850 stis
737 2805 882 2850 esse
927 2793 1160 2872 potest.
1251 2790 1311 2867 ἓ.
1364 2786 1464 2851 12.
1509 2784 1751 2851 Innata
1780 2784 1985 2850 nobis
2028 2784 2241 2870 pietas
2286 2805 2546 2871 semper
2590 2781 2933 2850 commodis

575 2869 962 2956 invigilians
1007 2870 1474 2958 subjectorum,
1533 2893 1670 2938 nen
1713 2872 1963 2959 patitur
2018 2892 2140 2936 nos
2184 2869 2693 2936 conniventibus
2739 2867 2933 2934 oculis

573 2959 976 3046 pertransire
1051 2958 1398 3044 cujusdam
1461 2959 1647 3024 dubii
1728 2980 2039 3040 errorem,
2114 2958 2247 3022 imo
2325 2957 2824 3024 urbm-ariorum
2878 2962 2935 3019 et

578 3064 1042 3110 concessorum
1085 3046 1397 3132 injuriam
1445 3055 1510 3110 et
1553 3044 1937 3111 violentiam
1984 3045 2421 3126 manifestam,
2483 3066 2680 3132 quam
2725 3041 2933 3107 multis

577 3128 1115 3196 irrationabiliter
1187 3129 1593 3198 intulerunt:
1668 3130 1836 3198 Cum
1907 3131 2175 3218 quidam
2251 3129 2595 3197 laboribus
2669 3129 2932 3195 aliorum

575 3216 950 3283 invidentes
1011 3225 1315 3303 peterent
1375 3217 1502 3283 sibi
1561 3217 1875 3284 conferre
1933 3216 2131 3282 talem
2177 3215 2465 3300 laneum,
2525 3237 2719 3304 quem
2766 3216 2935 3281 deso-

572 3303 780 3369 latum
827 3301 1156 3383 dicebant,
1201 3305 1554 3390 statimque
1600 3313 1918 3370 exeuntes
1962 3303 2151 3368 illum
2195 3302 2484 3386 laneum,
2532 3325 2683 3368 cum
2726 3303 2930 3388 primo

570 3391 712 3457 veri
757 3388 1044 3455 cultores
1088 3392 1205 3455 vix
1245 3392 1608 3456 exivissent
1651 3400 1717 3457 et
1804 3390 2155 3476 uandoque
2202 3389 2408 3477 aliqui
2454 3411 2539 3456 ex
2582 3390 2741 3476 ipsis
2816 3383 2926 3450 sub

571 3486 748 3546 terra
793 3475 1012 3542 adhuc
1067 3478 1138 3541 in
1185 3477 1416 3544 eodem
1476 3477 1669 3544 laneo
1727 3477 1792 3543 la
1842 3484 2124 3559 orarent,
2184 3477 2483 3543 volentes
2546 3477 2684 3541 sine
2728 3473 2935 3558 aliquo

564 3564 740 3650 juris
784 3563 1016 3629 ordine
1061 3583 1404 3652 occupare.
1493 3569 1554 3647 §-
1607 3565 1704 3631 13.
1750 3563 1918 3630 Cum
1962 3573 2185 3628 tamen
2222 3564 2375 3649 jure
2420 3571 2686 3628 cautum
2729 3559 2933 3638 fuerit,

572 3671 659 3716 ne
703 3649 871 3716 tales
929 3649 1105 3715 lanei
1165 3651 1699 3727 concederentur,
1766 3651 1893 3714 nisi
1955 3650 2165 3734 primo
2208 3650 2581 3714 mitteretur
2642 3669 2813 3713 unus
2860 3665 2936 3710 ex

563 3736 827 3822 juratis,
887 3737 1002 3823 qui
1047 3736 1322 3819 videret,
1383 3739 1440 3802 si
1481 3745 1665 3802 tanto
1723 3744 2017 3821 tempore
2069 3737 2357 3821 jacuerit
2404 3737 2710 3816 incultus,
2772 3728 2937 3820 quod

577 3821 728 3888 aliis
787 3825 1018 3890 merito
1079 3822 1494 3908 conferetur3
1585 3831 1745 3888 tunc
1804 3824 2016 3910 primo
2090 3821 2453 3890 secundum
2514 3821 2694 3888 illius
2744 3816 2937 3907 jurati

575 3911 1114 3996 protestationem
1159 3919 1302 3976 erat
1343 3909 1495 3976 talis
1539 3909 1772 3975 laneus
1794 3908 2255 3975 conferendus.
2303 3908 2499 3976 Unde
2542 3907 2935 3993 Iglavienses

574 4016 617 4060 a
661 3993 856 4060 nobis
899 3998 970 4060 in
1030 3994 1158 4061 hac
1213 4005 1403 4084 parte
1461 3997 1650 4082 argui
1708 3999 1941 4062 merito
1988 3995 2401 4070 meruissent,
2464 3993 2643 4082 quod
2684 3998 2937 4081 propter

575 4080 908 4154 defectum
925 4083 1114 4167 -juris
1173 4090 1274 4147 tot
1332 4104 1587 4150 errores
1644 4103 1852 4168 usque
1900 4081 1985 4146 ad
2018 4081 2191 4146 haec
2235 4090 2537 4169 tempora
2579 4086 2935 4166 viguerunt,

620 4169 731 4232 uis
767 4167 923 4254 jura
968 4170 1288 4233 montium
1335 4171 1404 4234 in
1448 4168 1552 4235 his
1596 4169 1855 4256 scriptis
1924 4165 2187 4254 publice
2222 4167 2444 4255 judici
2492 4176 2559 4233 et
2595 4167 2835 4255 juratis
2874 4164 2935 4226 in

572 4187 842 4320 {butue
881 4253 1246 4322 debuerant
1299 4253 1670 4337 tradidisse,
1730 4264 1803 4320 ut
1844 4255 2299 4341 unusquisque
2334 4257 2451 4343 jus
2497 4275 2687 4320 suum
2731 4261 2937 4318 osten-
