3150 5017
1663 1280 1804 1347 103.

558 1398 850 1485 'l'errao
885 1396 1265 1483 Lusatiao
1312 1420 1457 1505 per
1492 1398 2050 1485 Theodericum
2106 1400 2623 1485 marchionem
2651 1398 2926 1485 'arehi-

1022 1502 1383 1611 episcopo
1435 1504 2107 1613 Magdeburgensi
2163 1504 2479 1590 oblatio.

1654 1662 1838 1729 1301.

724 1838 980 1905 Diploma
1012 1839 1166 1904 cujus
1198 1842 1505 1891 contextum
1538 1836 1693 1889 Rosa
1735 1836 2062 1899 exhibemus,
2105 1839 2246 1891 inter
2289 1834 2577 1906 privilegia
2609 1842 2794 1891 tet-ras
2825 1838 2926 1889 Bo<

554 1905 765 1964 huniae
800 1910 858 1961 in
893 1922 1016 1961 aros
1049 1908 1441 1963 tulateinomi
1492 1908 1822 1973 servabatur,
1870 1912 1931 1959 ut
1965 1908 2216 1961 'testatur
2259 1907 2618 1961 inventarium
2657 1907 2925 1975 privilegi-

550 1992 734 2029 orum:
806 1978 891 2029 Na
924 1976 1127 2047 liuponi
1176 1977 1325 2033 sem&
1369 1974 1610 2031 lusiciae:
1659 1977 1780 2029 List
1824 1974 2160 2029 Theodorika
2200 1974 2506 2044 lantgrabie
2558 1973 2922 2039 Durinsksho,

554 2044 689 2098 kdes
723 2044 960 2114 prodivi
1010 2048 1151 2099 aemi
1200 2044 1446 2101 Lutiokfi
1499 2044 1903 2112 arcibiskupovi
1950 2045 2409 2114 Magdburskemu
2463 2060 2496 2098 a
2542 2062 2578 2097 v
2630 2050 2749 2099 tom
2797 2046 2920 2097 lietu

552 2116 695 2167 hned
728 2117 977 2184 vypisnje
1024 2132 1173 2169 meae
1224 2115 1384 2169 tohu!
1442 2115 1799 2170 markrabstvi
1843 2116 2059 2169 MOCC.
2114 2119 2304 2183 primo.
2339 2144 2406 2155 —
2443 2114 2612 2184 ‘typis
2647 2116 2926 2183 exscripsit

556 2184 820 2239 Balbinus
855 2187 914 2237 in
949 2186 1179 2239 Miscell.
1214 2185 1364 2239 vm.
1400 2187 1522 2237 259.

724 2358 860 2425 Nos
905 2357 1359 2425 Theudoricus
1394 2358 1647 2443 junior,
1707 2357 2112 2443 Thuringiae
2171 2356 2620 2445 landgravius,
2688 2356 2918 2424 Orien-

553 2445 705 2512 talis
754 2454 819 2511 et
862 2446 1172 2511 Lusatiae
1215 2445 1526 2511 marchio.

726 2533 1281 2619 Recognoscimus
1324 2532 1800 2619 praesentibus,
1847 2530 2062 2601 lucide
2106 2538 2575 2618 protestantes:

728 2620 942 2702 Quod,
988 2640 1137 2684 cum
1196 2640 1317 2685 nos
1382 2619 1739 2686 venerabili
1798 2620 1868 2683 in
1927 2616 2187 2685 Christo
2231 2620 2404 2707 patri
2447 2619 2713 2684 domino
2765 2618 2924 2685 Bur-

556 2704 821 2789 chardo,
844 2715 1109 2773 sanctae
1134 2704 1726 2793 Magdeburgensis
1741 2704 2060 2771 ecclcsiae
2103 2705 2612 2793 archiepiscopo,
2655 2713 2726 2771 et
2773 2728 2925 2771 suae

553 2792 873 2859 ecclesiae
930 2802 1173 2859 terram
1235 2815 1351 2859 seu
1412 2793 1768 2859 marchiam
1830 2792 2138 2860 Lusatiae
2197 2814 2344 2859 cum
2411 2794 2923 2880 proprietatibus

554 2879 717 2946 inibi
764 2881 1193 2951 existentibus
1237 2891 1305 2947 et
1347 2901 1497 2947 cum
1542 2878 1848 2947 omnibus
1892 2882 2028 2946 suis
2064 2878 2331 2966 juribus
2377 2890 2442 2945 et
2485 2880 2922 2967 pertinentiis,

555 2988 705 3033 cum
764 2968 957 3035 bonis
1014 2968 1369 3034 infeudatis
1436 2976 1501 3034 et
1566 2990 1702 3033 non
1768 2966 2146 3049 infeudatis‚
2215 2989 2363 3034 cum
2423 2967 2921 3047 munitionibus,

556 3055 836 3156 oppidis,
882 3056 1115 3121 castris
1160 3054 1435 3121 inferius
1477 3055 1810 3120 annotatis
1853 3056 1924 3120 in
1970 3054 2197 3121 eadem
2243 3063 2420 3119 terra
2463 3076 2580 3119 seu
2627 3053 2922 3120 marchia

554 3140 1011 3225 existentibus,
1056 3144 1214 3208 item
1258 3144 1329 3208 in
1374 3140 1800 3223 districtibus,
1845 3140 2394 3219 distinctionibus,
2436 3143 2566 3207 viis
2593 3149 2660 3207 et
2701 3142 2921 3219 inviis,

557 3229 969 3308 molendinis,
1012 3231 1208 3317 agris,
1291 3229 1485 3295 cultis
1544 3238 1610 3295 et
1669 3227 1956 3310 incultiS‚
2004 3227 2208 3306 silvis,
2253 3227 2472 3315 lignis,
2517 3229 2922 3308 nemoribus,

556 3318 781 3403 pratis,
844 3319 1123 3403 pascuis,
1182 3317 1371 3405 aquis
1428 3337 1879 3404 aquarumque
1949 3314 2366 3393 decursibus,
2425 3316 2921 3403 piscationibus,

556 3404 937 3481 advocatiis,
1016 3403 1359 3487 theloneis,
1424 3404 1708 3470 monetis
1767 3411 1832 3468 et
1889 3424 2036 3467 cum
2103 3404 2393 3467 omnium
2439 3403 2921 3488 praedictorum

545 3490 1143 3579 jurisdictionibus,
1202 3490 1449 3568 usibus,
1511 3488 1923 3572 utilitatibus,
1983 3490 2306 3555 fructibus
2368 3488 2452 3555 ad
2518 3490 2920 3576 praedictam

551 3587 793 3647 terram
840 3600 958 3645 seu
1004 3578 1359 3644 marchiam
1404 3578 1714 3643 Lusatiae
1737 3578 2169 3643 attinentibus
2195 3616 2277 3627 -
2302 3599 2418 3663 pro
2466 3599 2584 3643 sex
2630 3576 2923 3643 millibus

554 3666 968 3731 marcharum
1012 3668 1269 3752 argenti
1340 3664 1865 3731 vendidissemus
1909 3672 1974 3730 et
2017 3664 2314 3750 ejusdem
2359 3673 2572 3730 terrae
2593 3686 2710 3730 seu
2758 3686 2921 3729 mar-

554 3753 739 3819 chiae
807 3756 1239 3841 proprietates
1308 3753 1829 3832 donavissemus,
1888 3752 2292 3837 praedictam
2347 3774 2426 3817 ue
2491 3760 2734 3818 terram
2805 3771 2918 3817 seu

555 3840 913 3907 marchiam
1002 3842 1313 3907 Lusatiae
1396 3861 1547 3905 cum
1623 3838 2052 3913 attinentibus
2138 3840 2317 3904 omni
2369 3861 2446 3903 us
2507 3849 2573 3906 et
2614 3838 2916 3924 singulis

550 3930 1082 4015 praenominatis,
1128 3930 1398 4015 insuper
1420 3948 1569 3992 cum
1597 3925 2151 4010 ministerialibus,
2180 3925 2449 4015 vasallis
2480 3936 2545 3991 et
2577 3926 2918 4011 mancipiis

552 4026 621 4082 et
680 4016 827 4081 aliis
872 4016 1264 4095 hominibus,
1322 4015 1772 4102 cujuscunque
1833 4012 2225 4081 conditionis
2283 4015 2590 4094 existant,
2653 4014 2722 4077 in
2775 4015 2916 4099 jam

553 4103 727 4169 dicta
773 4111 945 4170 terra
992 4124 1109 4169 seu
1157 4101 1447 4169 marchia
1491 4102 2070 4179 commorantibus,
2115 4104 2184 4169 in
2228 4101 2678 4190 supradictum
2713 4099 2916 4164 domi·

556 4214 713 4259 num
774 4190 1339 4277 archiepiscopum
1410 4198 1475 4255 et
1538 4190 1750 4276 ipsius
1813 4188 2158 4255 ecclesiam
2219 4190 2423 4255 libere
2481 4198 2546 4256 et
2606 4194 2918 4275 perpetuo

554 4277 949 4367 possidenda
993 4278 1586 4345 transtulissemus:
1633 4277 1808 4343 idem
1857 4276 2159 4343 dominus
2207 4275 2626 4343 Burchardus
2652 4271 2915 4361 Magdo-
