3150 5017
1361 291 1839 366 -300-

401 483 578 551 tem3
621 495 776 538 nam
820 473 906 538 ab
949 473 1276 539 universis
1321 472 1597 558 aequale
1641 471 1899 560 pondus
1921 469 2183 535 facilius
2212 469 2543 534 toleratur.
2588 463 2783 532 Unde

409 561 586 626 cauti
643 562 775 625 sint
846 559 914 623 in
975 558 1099 623 hac
1158 568 1342 644 parte
1387 560 1758 646 scriptores,
1800 565 2150 644 quatenus
2226 575 2399 621 unus
2468 575 2553 619 ex
2623 554 2783 639 ipsis

401 669 448 712 a
489 647 812 733 principio
865 647 1008 711 istis
1065 647 1323 711 intersit
1367 646 1967 735 contributionibu‘s
2012 665 2225 730 usque
2268 645 2337 706 in
2380 642 2619 718 finem3
2666 660 2787 724 per

408 735 588 820 ipsos
633 735 806 799 enim
853 733 936 798 de
982 731 1286 797 omnibus
1331 733 1477 814 hiis,
1523 742 1599 797 ut
1642 731 2005 818 aequaliter
2048 729 2452 803 ordinentur,
2498 725 2785 814 perfecte

409 821 578 885 scire
643 819 952 887 volumus
1017 819 1380 885 veritatem.
1467 818 1761 906 Ideoque
1821 818 1946 884 hoc
2006 818 2334 900 statuitur,
2388 816 2561 901 ,quia‘
2588 821 2785 877 -certe

405 915 594 971 caret
654 907 1030 994 suspicione
1074 908 1414 990 negotium
1466 905 1901 992 plurimorum
1962 903 2258 969 consiliis
2304 901 2783 984 confirmatum.

383 991 463 1077 ξ.
505 994 568 1060 4.
615 991 866 1060 Verum
913 994 1068 1080 quia
1111 992 1417 1057 omnibus
1461 994 1727 1078 placere
1770 1011 1905 1055 non
1953 999 2244 1077 possunt,
2292 1011 2439 1054 cum
2466 1010 2551 1053 ex
2572 985 2787 1050 officio

403 1101 523 1144 suo
566 1089 936 1158 teneantur,
983 1076 1220 1144 multos
1265 1101 1400 1144 non
1431 1078 1642 1143 solum
1688 1098 1987 1163 arguere,
2034 1077 2152 1142 sed
2183 1079 2377 1142 etiam
2404 1077 2781 1160 increpare:

405 1187 607 1252 quare
677 1169 854 1252 ipsos
915 1167 987 1231 in
1031 1174 1323 1230 nostram
1369 1167 1842 1252 protectionem
1890 1164 2087 1249 digne
2132 1165 2489 1250 recipimus
2534 1161 2787 1247 specia-

406 1249 558 1329 lem,
599 1252 874 1318 firmiter
917 1253 1394 1338 praecipientes
1437 1253 1664 1338 regiae
1708 1253 1959 1337 gratiae
2005 1250 2128 1315 sub
2176 1249 2468 1331 obtentu,
2528 1269 2616 1313 ne
2672 1244 2792 1310 ali-

407 1341 555 1425 quis
600 1339 798 1426 ipsos,
844 1339 1298 1426 cujuscunque
1324 1339 1882 1424 praeeminentiae
1906 1337 2104 1403 fuerit
2146 1344 2261 1402 aut
2308 1335 2665 1423 dignitatis,
2710 1336 2783 1396 in

403 1425 602 1491 rebus
646 1424 754 1492 vel
800 1425 1095 1511 personis
1138 1434 1511 1511 praesumat
1555 1424 1930 1512 aliqualiter
1972 1423 2376 1510 perturbare.
2424 1427 2484 1505 ξ.
2509 1421 2569 1487 5.
2620 1420 2795 1486 Sunt

407 1520 475 1577 et
531 1511 644 1576 alii
706 1509 1035 1598 simplices
1101 1514 1230 1576 scri
1279 1520 1472 1593 tores,
1518 1512 1733 1577 solum
1780 1513 2096 1576 montium
2144 1509 2505 1575 scribentes
2550 1528 2795 1594 expen-

406 1619 514 1662 sas
557 1599 627 1662 in
671 1598 950 1663 diversis
1009 1596 1170 1662 locis
1223 1535 1378 1663 Kinc
1437 1599 1595 1664 inde
1656 1599 1781 1664 sibi
1830 1600 2219 1680 commissis,
2268 1617 2548 1684 quorum
2592 1594 2787 1659 insti-

404 1684 745 1764 tutionem,
790 1691 1050 1770 praeter
1093 1686 1162 1748 in
1207 1683 1624 1750 hereditariis
1670 1687 2017 1759 montanis,
2064 1685 2149 1751 ad
2195 1694 2455 1748 nostros
2480 1681 2792 1746 volumus

407 1769 790 1835 urburarios
833 1772 1182 1856 pertinere,
1225 1771 1710 1858 praedictorum
1745 1781 1966 1837 tamen
2002 1772 2373 1857 juratorum
2402 1771 2795 1852 scriptorum

403 1857 683 1922 consilio
707 1859 1042 1944 requisito,
1089 1857 1330 1945 quibus
1372 1857 1472 1922 illi
1516 1867 1825 1925 tenentur
1871 1859 2140 1923 subesse
2179 1863 2446 1943 propter
2468 1857 2793 1922 rationem

405 1964 849 2029 expensarum
894 1946 1216 2010 montium
1263 1946 1647 2031 septimanis
1692 1944 1970 2030 singulis
2014 1943 2407 2011 faciendam.

1449 2123 1627 2204 Gap.
1671 2120 1763 2184 Χ.

1200 2239 1302 2302 De
1345 2238 1555 2324 officio
1599 2260 1987 2316 scamarum.

588 2376 789 2444 Cordi
833 2376 1028 2442 nobis
1073 2385 1193 2460 est,
1237 2398 1497 2443 omnem
1545 2397 1889 2442 onerosam
1936 2374 2427 2441 multitudinem
2462 2375 2631 2460 juris
2678 2373 2795 2440 be·

411 2464 650 2532 neficio
694 2464 1050 2546 refrenare,
1098 2485 1268 2550 quae
1313 2462 1477 2528 nihil
1524 2464 1780 2528 confert
1809 2462 2134 2527 commodi
2180 2461 2289 2529 vel
2333 2462 2621 2545 honoris,
2670 2460 2793 2528 sed

413 2549 628 2617 solum
674 2551 872 2616 rebus
917 2552 1305 2615 necessariis
1363 2550 1695 2626 insudare,
1761 2548 2249 2637 proferentibus
2307 2549 2593 2614 fructum
2654 2549 2794 2613 suis

415 2638 823 2724 temporibus
866 2636 1285 2703 honerosum.
2224 2687 2231 2696 .

581 2728 644 2806 ἓ.
697 2727 751 2788 1.
798 2723 993 2791 Unde
1041 2723 1468 2804 decrevimus,
1529 2722 1749 2788 nullos
1809 2721 1893 2786 de
1936 2731 2154 2788 cetero
2198 2722 2325 2786 nisi
2370 2730 2635 2786 nostros
2679 2743 2791 2806 ge·

365 2817 369 2820 “
409 2809 668 2876 norales
711 2812 782 2874 in
827 2810 1160 2878 montibus
1207 2831 1352 2882 esse
1397 2830 1778 2891 scansores,
1823 2807 1972 2873 illos
2017 2830 2292 2895 quorum
2340 2807 2590 2873 abusus
2634 2819 2793 2876 ante

409 2897 942 2962 constitutionem
987 2895 1157 2961 hanc
1201 2899 1270 2961 in
1317 2896 1595 2962 diversis
1640 2917 2003 2983 pauperum
2068 2893 2603 2982 oppressionibus
2663 2895 2792 2960 fre-

407 2983 867 3068 quentabatur,
911 2984 1177 3068 penitus
1222 2982 1586 3048 abolentes.
1675 2981 2035 3048 Generales
2082 3003 2239 3047 vero
2285 2981 2593 3048 volumus
2638 3003 2787 3046 esse

407 3067 773 3151 scansores,
820 3091 986 3156 quos
1029 3068 1361 3134 urburarii
1402 3091 1520 3155 pro
1565 3070 1896 3132 communi
1944 3068 2224 3134 utilitate
2268 3069 2536 3135 nomine
2561 3079 2791 3133 nostro

389 3163 726 3236 -statuent,
773 3157 858 3221 ad
903 3159 1114 3241 magis
1161 3155 1345 3237 duos,
1391 3157 1520 3220 nisi
1561 3163 1723 3220 tunc
1767 3154 2115 3220 assiduitas
2160 3154 2460 3220 laborum
2508 3165 2573 3220 et
2619 3154 2791 3219 dila-

405 3243 566 3307 tatio
632 3242 1284 3327 argentifodinarum‚
1347 3242 1430 3307 de
1489 3242 1879 3307 necessitate
1940 3263 2164 3324 unum,
2225 3241 2333 3306 vel
2393 3242 2561 3306 duos
2626 3242 2792 3328 ipsis

410 3328 686 3414 adjungi
729 3330 1105 3415 requirant,
1151 3349 1350 3414 super
1395 3349 1524 3414 quo
1569 3329 2062 3394 urburariorum
2109 3329 2575 3393 conscientiam
2638 3345 2789 3393 ones
2826 3355 2835 3362 ·

404 3437 645 3498 ramus,
710 3424 1034 3504 quatenus
1093 3413 1202 3479 hic
1245 3422 1311 3479 et
1353 3415 1514 3479 alibi
1561 3413 1791 3481 inutili,
1848 3413 2267 3479 multitudine
2311 3425 2625 3498 resecata,
2671 3435 2789 3479 no-

405 3508 690 3566 strorum
737 3503 1053 3566 montium
1100 3499 1382 3565 cultores
1425 3501 1722 3566 relevent
1770 3503 1839 3565 in
1886 3503 2251 3587 sumptibus
2306 3521 2786 3586 expensarum3

408 3597 752 3673 peccatum
814 3597 934 3667 est,
993 3587 1136 3652 fieri
1195 3609 1314 3673 per
1355 3585 1566 3672 plura,
1615 3587 1793 3674 quo‘d
1838 3587 2136 3673 expediri
2182 3589 2421 3672 poterit
2465 3609 2583 3673 per
2628 3609 2791 3673 pau-

408 3671 604 3738 ciora.
683 3679 738 3756 ξ,
788 3674 850 3738 2.
895 3673 1228 3737 Dicuntur
1269 3683 1489 3738 autem
1535 3695 1895 3750 scansores,
1942 3682 2209 3760 propter
2252 3673 2613 3738 scandendi
2656 3673 2791 3739 fre-

407 3762 764 3847 quentiam,
814 3761 969 3846 quia
1009 3760 1298 3825 officium
1345 3780 1568 3830 eorum
1617 3769 1736 3842 est,
1780 3759 1894 3824 diu
1954 3769 2282 3846 noctuque
2343 3760 2789 3846 perscandere

409 3856 726 3911 montana
769 3847 1096 3928 universa,
1156 3845 1280 3911 sub
1340 3849 1581 3912 virtute
1639 3846 1935 3933 praestiti
1982 3848 2343 3932 juramenti
2388 3849 2457 3911 in
2500 3848 2793 3931 argenti·

404 3930 648 3998 fodinis
709 3934 1035 4018 corrigere
1095 3931 1180 3998 ad
1239 3954 1651 3998 communem
1714 3933 2059 3998 utilitatem
2108 3934 2329 3998 omnia
2373 3931 2786 4017 corrigenda.

403 4018 493 4084 Et
537 4019 782 4105 ubique
828 4021 1283 4086 concessiones
1329 4028 1443 4083 aut
1486 4019 1654 4085 fines
1699 4020 2073 4084 invenerint
2118 4018 2597 4101 concedendos,
2643 4041 2784 4084 ma-

405 4106 680 4190 gistrum
749 4107 991 4171 montis
1057 4106 1300 4170 ibidem
1370 4105 1476 4171 vel
1545 4105 1849 4171 custodes
1914 4103 2060 4170 loco
2118 4107 2327 4193 ipsius
2388 4105 2473 4188 (si
2520 4108 2785 4192 copiam

403 4192 550 4276 ejus
593 4189 1016 4273 habere,non
1059 4193 1370 4277 poterint)
1415 4192 1815 4258 admoneant
1856 4191 2221 4274 manifeste,
2283 4199 2607 4278 quatenus
2668 4191 2794 4258 illa

403 4276 828 4344 concedenda
885 4277 1059 4370 inira
1117 4286 1418 4363 quartam
1477 4280 1706 4343 horam
1752 4276 1883 4344 diei
1928 4279 2267 4365 noctisque
2326 4281 2626 4362 proxime
2674 4300 2793 4346 ve·
