3150 5017
1215 286 1649 354 ...71-

423 464 482 540 §-
525 460 627 526 21.
675 460 990 547 Quisquis
1033 459 1410 526 theloneum
1470 465 1958 547 pertransierit,
2016 486 2055 529 a
2100 464 2505 529 theloneario
2551 464 2625 528 li-

267 546 472 611 eentia
489 566 622 609 non
645 546 914 611 obtenta
959 569 1042 612 ne
1089 568 1171 611 ue
1215 546 1518 615 theloneo
1561 548 1929 637 persoluto·‚
1976 572 2109 615 non
2154 549 2347 615 aliter
2390 552 2627 637 punia-

263 642 376 783 ll}
393 632 519 783 311ἱεὶ
551 632 666 733 jus
712 632 998 699 thelonei
1043 568 1405 720 duplicabit
1449 644 1515 699 et
1558 644 1817 721 praeter
1854 636 1977 701 hoc
2018 658 2133 723 pro
2172 658 2387 724 poena
2412 620 2628 703 s'olvat

459 738 738 783 enar-ios.

417 808 474 885 ξ.
519 805 624 871 22.
670 804 741 870 Si
787 807 932 892 quis
977 828 1217 893 equum
1263 808 1602 893 proprium
1648 829 1913 873 currum
1938 808 2226 895 aliquem
2258 808 2623 875 trahentem
2672 798 2681 880 Ι.

265 892 716 977 recognoverit,
759 913 894 957 non
939 892 1088 979 plus
1132 914 1328 979 quam
1373 894 1498 957 LX
1543 895 1849 960 denarios
1910 916 2027 981 pro
2076 916 2270 961 curru
2317 905 2383 962 et
2424 895 2623 962 rebus
2676 883 2683 938 ¹

229 970 324 1041 *in
364 996 438 1043 eo
477 977 914 1059 existentibus
949 978 1163 1065 judici
1207 979 1562 1065 persolvat.
2670 1003 2679 1035 ¹

417 1067 475 1145 ξ.
519 1064 626 1129 23.
671 1063 840 1130 Item
885 1066 942 1130 si
986 1066 1132 1153 quis
1178 1086 1417 1152 equum
1464 1067 1644 1152 apud
1686 1066 1971 1153 aliquem
2030 1069 2355 1134 invenerit
2396 1068 2626 1135 vulne-

266 1156 474 1232 ratum,
517 1170 653 1216 non
701 1172 943 1238 equum
985 1152 1275 1218 vindicet
1319 1152 1446 1217 sibi
1486 1152 1712 1235 judeX,
1753 1155 1877 1218 nisi
1918 1153 2327 1220 solummodo
2351 1154 2475 1221 LX
2508 1154 2622 1220 de-

266 1237 444 1301 nariis
487 1237 572 1302 sit
615 1247 981 1305 contentus.

417 1326 475 1404 ξ.
519 1324 626 1389 24.
672 1321 838 1389 Item
887 1327 941 1389 si
989 1326 1136 1411 quis
1179 1326 1417 1390 citatus
1476 1324 1675 1389 fuerit
1736 1335 1801 1390 et
1859 1325 2214 1392 obtinuerit
2260 1328 2371 1411 jus
2430 1349 2623 1392 suum

265 1408 322 1471 in
359 1408 596 1493 judicio
641 1430 858 1496 neque
900 1432 1114 1476 wrez
1159 1427 1242 1475 ne
1291 1432 1372 1476 ue
1431 1411 1835 1497 pohonce,
1898 1411 2012 1477 sed
2059 1414 2465 1479 solummodo
2513 1413 2621 1478 de-

263 1496 458 1561 narios
501 1494 668 1563 duos
713 1497 1066 1583 persolvat,
1112 1433 1288 1583 quo}
1349 1520 1390 1584 p
1408 1519 1446 1563 o
1465 1520 1526 1561 m
1547 1519 1699 1563 ocn
1718 1519 1753 1562 e
1814 1498 2173 1585 vulgariter
2233 1499 2623 1585 appellatur.

417 1585 477 1664 ξ.
521 1583 630 1649 25.
675 1582 843 1649 Item
887 1585 973 1650 ad
1017 1584 1372 1649 clamorem
1419 1605 1831 1649 communem
1879 1586 1991 1671 qui
2037 1587 2434 1651 nestoitei
2481 1585 2623 1651 vul·
2660 1569 2677 1715 *l

267 1668 486 1757 gaz-iter
527 1670 924 1752 nominatur,
971 1669 1194 1735 nullus
1239 1691 1502 1736 currere
1547 1680 1849 1737 teneatur
1892 1672 2021 1736 nisi
2067 1671 2148 1738 de
2194 1672 2460 1759 propria
2508 1692 2621 1737 vo·
2672 1729 2681 1787 ἱ

265 1753 493 1821 luntate
537 1754 664 1821 hoc
708 1755 922 1822 facere
967 1756 1268 1821 voluerit.

413 1845 474 1923 ξ.
521 1841 626 1907 26.
672 1842 838 1908 Item
873 1844 1100 1929 siquis
1145 1862 1343 1929 super
1387 1842 1583 1909 rebus
1631 1845 1913 1929 propriis
1958 1843 2314 1909 mobilibus
2340 1844 2480 1910 sive
2508 1846 2623 1910 im·

266 1926 592 1993 mobilibus
636 1930 706 1993 in
743 1930 995 2015 judicio
1042 1931 1449 2011 convenitur,
1495 1930 1723 1995 eadem
1770 1926 1947 1995 bona
1968 1931 2051 1995 de
2072 1930 2311 2016 quibus
2330 1931 2405 1994 fit
2427 1950 2620 2015 quae·

263 2015 396 2095 etio,
453 2036 538 2079 ne
583 2034 670 2080 ue
720 2016 935 2101 judex
979 2038 1193 2103 neque
1239 2017 1486 2081 domini
1545 2024 1760 2082 terrae
1805 2015 2067 2082 villicus
2132 2015 2255 2080 sibi
2315 2017 2623 2081 vendicet

301 2099 550 2166 ossiden
599 2122 658 2181 a,
705 2102 822 2167 sed
863 2101 1038 2167 idem
1086 2105 1195 2190 qui
1244 2124 1440 2188 super
1461 2102 1709 2167 eisdem
1734 2102 1923 2167 bonis
1946 2104 2351 2183 convenitur,
2391 2102 2620 2173 eadem

263 2208 472 2338 donula
453 2188 728 2273 pacifice
771 2189 1126 2275 possideat,
1195 2189 1404 2255 donec
1449 2189 1681 2255 eadem
1729 2191 2022 2274 quaestio
2068 2210 2184 2275 per
2230 2190 2619 2255 sententiam

300 2273 383 2337 eci
471 2282 598 2340 tur.

411 2364 467 2441 ξ.
512 2361 616 2427 27.
661 2360 828 2427 Item
877 2364 932 2426 si
977 2364 1261 2449 vestigia
1318 2362 1414 2427 rei
1477 2362 1758 2427 furtivae
1820 2382 2011 2427 secus
2056 2361 2346 2449 aliquam
2394 2359 2623 2427 villam

265 2443 669 2531 deperierint,
748 2447 976 2514 eadem
1040 2447 1200 2514 villa
1260 2449 1607 2514 occasione
1666 2447 1961 2533 ejusdem
2026 2448 2181 2514 furti
2241 2447 2620 2514 nullatenus

261 2532 563 2616 puniatur.

411 2623 467 2701 ξ.
513 2620 616 2685 28.
662 2620 1010 2687 Praeterea
1053 2620 1276 2685 nullus
1323 2621 1406 2687 de
1451 2620 1583 2685 illis
1631 2622 1743 2707 qui
1788 2620 2167 2686 custodiunt
2212 2622 2467 2703 silvam,
2510 2621 2619 2685 de-

264 2700 360 2767 bet
399 2705 675 2789 spoliare
723 2707 1006 2793 aliquem
1053 2708 1123 2771 in
1167 2708 1276 2773 via
1319 2706 1427 2772 vel
1473 2708 1540 2772 in
1588 2707 1729 2772 foro
1776 2708 1903 2771 nisi
1948 2716 2105 2772 tunc
2150 2705 2333 2771 illum
2360 2706 2617 2792 spoliet,

261 2790 496 2940 {pando
540 2794 796 2857 invenit
837 2792 1138 2894 arborem
1183 2801 1550 2895 secantem3
1598 2794 1684 2859 ad
1727 2794 1851 2859 hoc
1884 2794 2103 2881 judex
2134 2816 2467 2878 nunquam
2494 2794 2605 2877 ju-

321 2886 414 2943 cet
449 2901 518 2944 1n
566 2877 738 2946 OOC
785 2879 1090 2961 denariis,
1137 2901 1265 2945 nisi
1308 2880 1451 2946 LX.

418 2986 474 3065 ξ.
517 2984 625 3049 29.
670 2982 954 3065 Insuper
997 3003 1333 3069 nunquam
1371 2983 1587 3068 judex
1646 2982 1842 3048 debet
1894 2983 2193 3068 judicare
2252 2981 2431 3046 solus
2489 2983 2619 3047 nisi

265 3079 578 3168 praesente
623 3068 986 3135 castellano
1030 3078 1146 3135 aut
1189 3070 1522 3156 aliquibus
1567 3069 1935 3149 nobilibus3
1984 3078 2049 3135 et
2112 3067 2331 3133 uando
2356 3066 2616 3133 villicus

260 3153 498 3239 judicat,
543 3177 677 3221 non
725 3155 920 3221 debet
963 3158 1058 3221 ire
1105 3156 1188 3220 ad
1234 3157 1629 3242 capiendum
1676 3156 2021 3221 consilium
2068 3091 2149 3231 de
2185 3155 2459 3241 judicio,
2502 3152 2617 3220 sed

257 3238 480 3322 judicet
521 3241 760 3309 sedens
807 3264 954 3307 cum
1003 3242 1335 3309 militibus.

413 3350 468 3428 ἓ.
514 3348 620 3413 30.
666 3346 836 3411 Item
882 3344 1148 3432 quando
1190 3355 1450 3433 tempus
1495 3354 1595 3410 est
1640 3346 1735 3411 ire
1780 3346 1864 3410 ad
1898 3344 2333 3432 judicandum
2380 3353 2447 3409 et
2486 3364 2617 3409 om-

267 3450 382 3513 nes,
423 3440 572 3498 sunt
617 3440 684 3499 et
725 3431 986 3497 villicus
1012 3454 1142 3497 non
1168 3432 1315 3497 vult
1338 3434 1584 3515 venire,
1604 3433 1814 3518 judex
1838 3433 2087 3518 judicet
2108 3454 2255 3497 eum
2282 3430 2616 3495 militibus.

412 3540 466 3619 ξ.
513 3536 618 3602 31.
665 3534 756 3603 Et
802 3535 882 3601 de
927 3557 1120 3601 mane
1166 3558 1427 3621 semper
1471 3545 1536 3601 et
1579 3558 1918 3623 nunquam
1964 3536 2124 3611 hora
2169 3524 2541 3621 vespertina
2578 3556 2619 3598 a

267 3619 452 3697 judice
494 3621 601 3687 vel
646 3622 846 3688 vilico
883 3622 1206 3709 judicium
1255 3622 1591 3688 habeatur.

414 3730 472 3807 ξ.
515 3728 622 3793 32.
671 3725 953 3809 Quando
999 3726 1236 3814 aliquis
1281 3726 1670 3793 interficitur
1714 3728 1781 3790 in
1828 3726 1956 3807 via,
2001 3727 2139 3791 sive
2178 3726 2371 3789 homo
2397 3720 2620 3787 militis

276 3808 386 3877 sive
417 3812 659 3897 judicis
705 3814 848 3879 sive
888 3812 1093 3879 villici
1139 3814 1366 3893 fuerit,
1429 3813 1727 3879 confusio
1775 3834 2015 3897 magna
2058 3810 2211 3875 inde
2256 3811 2361 3890 fit;
2409 3807 2621 3875 solent

275 3900 480 3982 apponi
505 3899 777 3981 denarii,
823 3920 1054 3964 aurum
1099 3910 1166 3967 et
1208 3909 1588 3985 argentum3
1635 3899 1745 3964 ille
1792 3899 1937 3985 quis
1984 3906 2248 3962 accusat
2294 3904 2360 3962 et
2405 3896 2613 3961 domi-

278 4000 394 4064 nus,
430 3984 620 4052 debet
655 3988 879 4071 jurare
925 4008 1125 4072 super
1168 3995 1393 4051 sancta
1439 3994 1832 4051 sanctorum.

419 4092 478 4169 ς.
517 4089 622 4154 33.
666 4090 795 4154 Pro
841 4087 1064 4153 debito
1107 4091 1164 4155 si
1209 4092 1358 4175 quis
1403 4090 1640 4154 citatus
1698 4088 1927 4167 fuerit,
1992 4095 2059 4151 et
2118 4088 2187 4151 in
2235 4090 2445 4173 primo
2491 4097 2616 4153 ter·
2654 4151 2659 4157 .

279 4170 429 4236 mino
477 4196 608 4240 non
649 4176 930 4241 astiterit
976 4175 1232 4262 judicio
1251 4224 1269 4257 ,
1313 4174 1672 4256 vendatur,
1732 4174 1859 4237 nisi
1919 4172 2283 4259 legitimum
2340 4173 2621 4262 probare

282 4260 456 4337 possit
496 4262 982 4348 (testimonium)
1029 4262 1588 4348 impedimentum.
