3150 5017
515 298 786 354 πάλιν.
1466 319 1551 333 -
1639 280 1769 347 432
1853 314 1944 331 -—

636 478 649 503 ¹
690 463 750 541 §-
800 458 901 524 14.
944 455 1313 543 Appellatus
1354 476 1513 521 vero
1558 456 1952 522 sententiam
1985 453 2322 541 arguendo
2343 455 2438 518 sie
2461 452 2666 519 dieat:
2719 452 2882 533 ¹‚Do-

520 546 695 611 mine
734 543 960 630 judex,
1008 545 1395 609 sententiam
1444 564 1483 607 a
1516 542 1758 628 juratis
1803 550 2034 606 eontra
2077 562 2182 606 me
2225 538 2425 605 latam
2472 558 2694 627 arguo,
2739 539 2884 604 offe·

519 649 675 700 rens
718 649 825 698 me
870 630 1205 697 meliorem
1228 628 1317 694 ab
1340 649 1419 695 eo
1442 628 1606 706 loeo,
1652 650 1692 693 a
1714 650 1844 715 quo
1875 626 1960 693 'de
1991 630 2146 715 jure
2181 636 2428 711 teneor,
2476 625 2882 693 allaturum.“

694 809 754 888 §-
804 804 905 871 15.
994 802 1121 869 Vel
1186 803 1425 895 poterit
1490 822 1670 868 nuno
1735 801 1972 885 dieere‚
2039 802 2096 865 si
2140 800 2275 867 lata
2339 808 2439 867 est
2497 808 2732 867 eontra
2783 800 2890 886 jus

522 892 860 980 seriptum,
906 899 1021 956 aut
1064 889 1327 955 solitum
1374 888 1670 955 ordinem
1728 888 2150 975 judiciorum,
2219 909 2376 974 ergo
2443 886 2648 971 nulla,
2765 884 2892 951 uod

521 1000 625 1044 me
672 978 883 1043 offero
942 976 1233 1064 legitime
1292 984 1744 1059 ostensurum3
1807 977 1964 1063 quia
2019 996 2152 1041 non
2211 974 2478 1063 prodest
2536 972 2732 1063 appel
2759 974 2892 1039 anti

518 1065 876 1153 legitimam
923 1084 1187 1130 oausam
1216 1084 1375 1129 suae
1396 1062 1862 1151 appellationis
1905 1062 2261 1148 assignare,
2307 1063 2434 1127 nisi
2478 1062 2713 1149 probet
2754 1061 2893 1147 ipse

526 1172 671 1219 esse
715 1172 959 1217 veram.

700 1243 759 1322 g.
808 1239 909 1305 16.
997 1236 1129 1303 Sed
1184 1239 1239 1303 si
1301 1238 1628 1303 sententia
1685 1239 1781 1301 sio
1837 1244 2072 1323 arguta
2129 1244 2357 1301 eontra
2409 1235 2520 1319 jus
2581 1236 2895 1321 seriptum

522 1324 659 1391 lata
700 1344 835 1390 non
882 1326 999 1407 sit,
1046 1325 1163 1389 sed
1224 1324 1519 1411 quaestio
1576 1324 1682 1401 sit,
1744 1344 1830 1389 an
1892 1324 2287 1411 aequitatem
2332 1322 2440 1388 vel
2485 1322 2894 1409 iniquitatem

522 1412 891 1479 eontineatt
933 1421 1093 1477 tune
1136 1410 1346 1477 solum
1394 1412 1480 1477 ad
1536 1419 1828 1477 nostram
1895 1410 2376 1497 providentiam
2435 1408 2778 1476 deferatur
2817 1408 2896 1473 ad

529 1499 1093 1586 interpretandum
1142 1520 1259 1584 per
1300 1519 1424 1564 nos
1442 1548 1461 1577 ‚
1524 1519 1612 1562 an
1656 1496 1848 1579 bene,
1893 1496 2002 1563 vel
2045 1495 2216 1563 male
2258 1497 2456 1564 fuerit
2488 1494 2896 1583 judicatum3

526 1604 679 1651 nam
724 1585 1119 1671 regulariter
1162 1586 1307 1671 ejus
1350 1594 1451 1651 est
1492 1586 1928 1671 interpretari,
1973 1586 2164 1671 enjus
2207 1593 2307 1651 est
2351 1583 2736 1649 concedere.

694 1674 755 1755 ξ.
807 1672 904 1737 17.
953 1670 1126 1737 Sane
1172 1673 1227 1737 si
1272 1673 1648 1737 inveniatur
1691 1672 2018 1737 sententia
2063 1672 2232 1737 bene
2275 1671 2428 1747 lata,
2473 1678 2634 1737 tune
2681 1670 2894 1735 remit·

520 1766 698 1824 tatur
741 1758 1089 1846 appellans
1130 1760 1215 1824 ad
1260 1760 1443 1844 prius
1502 1780 1799 1831 examen,
1847 1756 2177 1863 appellato
2219 1779 2340 1847 per
2372 1756 2671 1845 judicem
2717 1765 2898 1822 taxa-

522 1848 702 1912 tione
761 1846 1123 1933 praemissa
1164 1847 1232 1910 in
1278 1847 1588 1933 expensis
1633 1846 1947 1930 legitimis
1989 1844 2590 1931 condempnandus.

696 1936 756 2016 ξ.
808 1934 905 1999 18.
994 1933 1066 1999 Si
1110 1942 1329 1997 autem
1388 1934 1767 1999 inveniatur
1823 1933 2150 1999 sententia
2190 1931 2365 1997 male
2408 1931 2560 2015 lata,
2607 1936 2679 1997 'et
2725 1928 2896 2018 quod
2981 1994 2984 2001 .

521 2018 814 2106 legitime
852 2019 1053 2084 fuerit
1094 2018 1534 2106 appellatum:
1582 2026 1742 2085 tuno
1829 2018 2121 2087 raedieto
2166 2018 2358 2084 modo
2404 2035 2524 2101 per
2568 2038 2746 2099 eum,
2793 2020 2900 2104 qui

523 2106 605 2171 de
650 2104 1093 2191 appellatione
1158 2108 1515 2192 eognoseit,
1585 2041 1959 2193 appelfatus
2021 2104 2386 2193 appellanti
2451 2107 2519 2170 in
2589 2104 2904 2191 expensis

524 2192 838 2279 legitimis
880 2192 1431 2280 condempnatum
1478 2194 1936 2280 revocatisque
1957 2194 2025 2259 in
2049 2195 2304 2259 irritum
2350 2190 2679 2268 omnibns,
2731 2210 2896 2279 quae

522 2288 672 2367 post
712 2300 797 2366 ap
846 2280 1224 2352 ellationem
1270 2279 1563 2365 legitime
1605 2281 2056 2368 interpositam
2103 2281 2174 2345 in
2233 2280 2714 2366 praejudicium
2763 2295 2902 2365 par·

522 2367 611 2431 tis
632 2387 803 2452 appe
830 2366 1031 2432 lantis
1052 2366 1295 2433 fuerint
1324 2376 1710 2454 attemptata
1725 2416 1742 2447 ‚
1788 2368 1945 2453 quia
1985 2366 2428 2454 appellatione
2470 2364 2906 2454 praecedente

530 2452 693 2517 nihil
739 2451 1191 2518 innovandum
1236 2463 1377 2537 est3
1422 2463 1488 2520 et
1534 2457 1858 2521 sententia
1923 2474 2068 2521 eum
2139 2453 2464 2536 omnibns,
2523 2474 2698 2541 quae
2762 2459 2907 2539 post

529 2537 1040 2627 appellationem
1116 2539 1405 2626 legitime
1470 2541 1922 2627 interpositam
1998 2542 2064 2607 in
2145 2540 2618 2627 praejudicium
2749 2540 2908 2606 artis

528 2625 930 2712 appellantis
972 2626 1217 2691 fuerint
1258 2635 1666 2713 attemptata,
1711 2637 1778 2693 et
1819 2626 2200 2714 principalis
2257 2649 2462 2693 eausa
2503 2626 2635 2693 fine
2819 2628 2906 2691 ito

532 2716 933 2780 terminetur.

701 2803 763 2881 g.
815 2798 913 2866 19.
1003 2798 1074 2863 Si
1138 2807 1359 2864 autem
1420 2801 1732 2886 arguitur.
1779 2809 2008 2867 eontra
2057 2802 2174 2888 jus
2215 2800 2532 2888 seriptum
2574 2800 2904 2867 sententia

532 2906 677 2953 esse
720 2884 873 2961 lata,
916 2893 1077 2951 tuno
1130 2884 1601 2953 reem-rendum
1643 2888 1766 2954 erit
1823 2887 1907 2955 ad
1951 2887 2128 2955 hune
2171 2887 2452 2970 librum-3
2497 2896 2562 2957 et
2604 2889 2665 2953 si
2711 2888 2783 2951 in
2829 2908 2904 2951 eo

530 2973 929 3059 apparuerit,
972 2972 1142 3037 bene
1184 2975 1577 3039 sententiam
1623 2994 1766 3043 esse
1810 2974 2012 3039 latam
2056 2984 2122 3040 et
2179 2973 2415 3041 frivole
2459 2974 2898 3061 appellatum:

526 3062 761 3124 iterum
810 3057 1153 3145 appellans
1198 3081 1346 3124 oum
1407 3060 1726 3129 omnibus·
1759 3060 2266 3137 eonditionibus,
2311 3070 2384 3127 ut
2429 3063 2740 3146 proxime.
2779 3059 2901 3125 tlie-

533 3155 674 3211 tum
723 3153 841 3227 eet,
886 3143 975 3209 ad
1016 3148 1295 3232 priorem
1332 3147 1626 3233 judicem
1672 3148 2056 3215 remittatur.

716 3236 778 3313 ξ.
826 3233 927 3297 20.
974 3232 1149 3298 Sane
1193 3234 1247 3298 si
1294 3233 1619 3299 sententia
1659 3236 2036 3301 inveniatur
2077 3234 2214 3301 lata
2257 3243 2485 3301 eontra
2519 3236 2634 3322 jus
2701 3235 2904 3320 serip-

532 3328 693 3398 tum,
759 3318 865 3382 vel
942 3317 1205 3383 solitum
1268 3319 1562 3387 ordinem
1623 3320 2054 3405 judiciorumt
2111 3324 2257 3409 ipso
2314 3324 2468 3409 jure
2533 3320 2722 3387 nulla
2791 3328 2902 3400 est,

546 3422 695 3469 eum
780 3403 1085 3469 onnibus
1148 3408 1492 3493 ipsamque
1557 3409 1986 3495 sequentibus
2056 3408 2559 3495 pronuncianda
2627 3416 2730 3473 est
2797 3428 2900 3493 pe-

534 3492 713 3555 nitus
754 3489 939 3555 nulla
980 3512 1159 3573 esse;
1204 3502 1271 3558 et
1312 3494 1381 3558 in
1426 3493 1550 3558 hoe
1595 3493 1966 3581 appellatus
2009 3513 2128 3581 per
2171 3516 2344 3578 eum,
2387 3496 2502 3583 qui
2547 3495 2634 3561 de
2679 3492 2898 3583 appel-

537 3576 780 3642 latione
846 3580 1209 3663 oognoseit‚
1270 3580 1335 3645 in
1398 3582 1710 3666 expensis
1783 3581 2092 3667 legitimis
2149 3581 2708 3668 condempnatum
2801 3578 2902 3643 vel

537 3662 880 3749 appellans
925 3666 1161 3749 poterit
1204 3686 1323 3751 pro
1346 3670 1655 3751 expensis
1701 3689 1778 3732 ao
1801 3691 1919 3754 pro
1944 3669 2120 3737 omni
2166 3690 2286 3735 suo
2309 3670 2638 3741 interesse⁴
2676 3675 2902 3732 eontra

530 3750 786 3835 juratos
808 3770 1020 3835 agere,
1068 3752 1177 3837 qui
1200 3753 1413 3837 ipsum
1440 3756 1668 3839 iniqua
1689 3756 2019 3823 sententia,
2052 3765 2174 3823 aut·
2209 3764 2444 3837 eon-tra·
2450 3756 2566 3843 jus
2589 3755 2900 3839 seriptum

540 3834 799 3921 prolata
841 3835 947 3903 vel
992 3837 1251 3905 solitum
1300 3839 1598 3908 ordinem
1654 3840 2053 3925 juditiorum
2099 3842 2404 3909 indebite.
2437 3848 2900 3929 aggravarunt.

722 3926 782 4007 ξ.
829 3922 933 3987 21.
978 3922 1065 3989 Et
1110 3945 1229 3989 nos
1274 3926 1342 3991 in
1388 3925 1512 3993 boe
1562 3946 1721 3997 essu
1766 3950 2012 4014 poenas
2057 3940 2286 3997 eontra
2319 3930 2900 4015 jux-intransgres-

542 4027 723 4073 sores
754 4010 895 4093 jam
942 4008 1189 4077 dudum
1224 4018 1499 4077 statutas
1522 4022 1750 4079 contra
1773 4016 2031 4081 eosdem
2063 4018 2324 4102 juratos
2352 4016 2662 4083 indurato
2684 4015 2902 4079 animo

540 4092 812 4161 firmiter
854 4116 1354 4183 prosequemur5
1422 4120 1572 4166 nam
1643 4102 1933 4170 seniores
1970 4105 2194 4188 jurati,
2237 4106 2306 4169 in
2353 4103 2594 4191 quibus
2640 4100 2902 4167 moralis

544 4180 722 4263 viget
782 4184 1140 4257 maturitas,
1201 4182 1444 4250 debent
1500 4188 1825 4272 corrigere
1877 4192 2198 4275 juniores,
2257 4207 2342 4258 no
2401 4191 2566 4257 fines
2611 4188 2902 4259 mandati

546 4265 885 4341 Omdnnto
928 4270 1145 4339 nostri.
1180 4269 1363 4355 juris,
1407 4274 1700 4341 tramites
1749 4276 2092 4361 violand03
2153 4276 2443 4363 alioquin
2491 4278 2588 4346 eis
2627 4296 2898 4345 eonsen-
