3150 5017
1240 370 1327 381 -
1418 332 1717 399 165-

272 521 467 600 vare‚
524 500 721 587 juxta
789 501 967 589 quod
1038 502 1221 590 ipsas
1287 504 1634 591 distinguit
1690 513 1758 571 et
1807 505 2148 592 specificat
2205 505 2409 573 series
2469 510 2653 592 prae·

272 595 769 760 scantgncffius
810 674 909 741 rei
951 676 1401 742 testimonium
1448 685 1577 742 etc.

1427 1088 1533 1155 58.

772 1224 1094 1309 Locatio
1148 1229 1477 1308 monetae
1531 1248 1675 1330 per
1728 1225 2182 1325 Moraviam.

1306 1361 1421 1429 Oc.
1473 1365 1662 1430 1267.

484 1537 755 1587 Monetam
788 1536 1063 1587 Mor-aviae
1096 1551 1191 1587 rex
1226 1536 1488 1588 Otaoarus
1543 1538 1686 1588 circa
1719 1551 1771 1591 a.
1822 1538 1958 1589 126⁷
2005 1536 2316 1591 Eberhardo
2367 1537 2454 1589 vel
2501 1540 2664 1593 Eber-

264 1605 409 1670 lino‚
442 1605 699 1671 magistro
734 1606 1005 1673 quondam
1040 1611 1287 1656 monetae
1320 1620 1415 1672 per
1448 1606 1781 1670 Bohemiam‚
1831 1606 2044 1657 demum
2083 1608 2229 1658 circa
2263 1622 2312 1657 a.
2354 1609 2488 1659 12⁷0
2523 1624 2663 1661 mor-

264 1682 385 1737 tuo,
421 1673 633 1736 locavit,
664 1679 731 1724 *ut
764 1680 986 1740 apparet
1022 1690 1086 1725 ex
1121 1674 1289 1727 literis
1324 1677 1385 1725 in
1421 1674 1617 1727 Codice
1647 1674 1996 1727 formularum
2019 1675 2327 1743 (Sternberg
2343 1676 2664 1728 Urkunden·

265 1743 423 1795 buch
458 1744 507 1794 1.
544 1742 632 1809 28)
670 1744 955 1796 contentis.

446 1878 691 1943 Notum
712 1878 997 1963 ‘facimus
1030 1874 1177 1961 eto.‚'
1219 1878 1395 1965 quod
1418 1879 1659 1945 dilecto
1683 1878 1863 1944 fideli
1887 1888 2112 1946 nostro
2157 1880 2218 1945 E
2256 1880 2659 1967 (berhardo),

264 1966 591 2050 magistro
648 1964 979 2052 quondam
1040 1977 1343 2031 monetae
1418 1986 1538 2052 per
1598 1966 2028 2046 Bohemiam‚
2095 1976 2428 2031 monetam
2513 1967 2660 2033 Mo-

264 2052 501 2117 raviae
545 2072 705 2115 cum·
728 2047 997 2135 juribus
1042 2062 1107 2117 et
1140 2052 1413 2137 judiciis
1456 2053 1940 2137 pertinentibus
2001 2050 2089 2117 ad
2133 2051 2432 2133 eandem,
2479 2051 2666 2120 loca·

262 2138 494 2221 vimus
538 2160 580 2201 a
624 2136 774 2203 dato
819 2138 1255 2218 praesentium
1302 2158 1511 2224 usque
1578 2137 1665 2202 ad
1711 2138 1948 2202 festum
1981 2137 2173 2221 ‘beati
2219 2137 2399 2202 Petri
2441 2139 2657 2224 primo

262 2224 567 2288 futurum
610 2232 759 2289 et²a
802 2222 970 2289 festo
1018 2225 1197 2290 beati
1240 2224 1415 2289 Petri
1462 2224 1672 2311 usque
1716 2245 1837 2311 per
1894 2225 2090 2287 unius
2140 2223 2299 2289 anni
2345 2222 2666 2288 circulum

262 2309 669 2391 revolutum,
704 2331 821 2393 pro
870 2307 1502 2401 quinque'millibus
1547 2310 1947 2376 talentorum
2003 2308 2184 2394 (cod.
2253 2310 2491 2373 Zdenk.
2537 2330 2658 2395 pro

256 2396 508 2475 decem
576 2395 867 2461 millibus
944 2399 1339 2477 marcarum)
1402 2396 1666 2461 nostrae
1747 2417 2048 2461 camerae
2129 2397 2200 2460 in
2269 2394 2656 2481 subscriptis

268 2489 565 2569 quatuor
621 2482 778 2545 anni
847 2482 1259 2567 temporibus
1329 2480 1793 2547 exsolvendis:
1860 2481 2068 2546 Dabit
2134 2483 2310 2545 enim
2369 2484 2440 2546 in
2488 2482 2658 2546 festo

266 2570 706 2633 Pentecostes
796 2568 963 2633 rimo
1030 2578 1309 2633 venturo
1378 2568 1666 2633 ducenta
1731 2577 1798 2633 et
1853 2569 2335 2655 quinquaginta
2400 2568 2650 2633 talenta

268 2652 619 2737 (Ood.‚Zd.
666 2654 755 2717 mi
783 2653 847 2717 le
888 2654 1195 2738 marcas),
1242 2656 1311 2719 in
1357 2654 1524 2720 festo
1555 2655 1936 2719 Nativitatis
1981 2654 2372 2719 Dominicae
2445 2676 2667 2720 succe·

267 2740 479 2804 dente
541 2748 663 2805 etc.
754 2739 962 2805 Dabit
1026 2742 1316 2825 insuper·
1364 2742 1433 2804 in
1502 2742 1937 2827 carnisprivio
2002 2742 2304 2827 proxime
2371 2740 2660 2805 affuturo

270 2826 515 2893 decem
579 2824 765 2912 (0001.
833 2827 946 2890 Ζῶ.
1016 2820 1217 2909 duos)
1261 2825 1612 2904 buniones,
1686 2828 1756 2890 in
1831 2828 1998 2891 festo
2029 2832 2034 2837 “
2069 2835 2290 2891 autem
2358 2822 2654 2891 Paschae

262 2918 582 2981 ‘secuturo
644 2913 868 2980 decem
928 2910 1108 2995 (cod.
1140 2912 1269 2979 1201.
1315 2912 1642 2999 quatuor)
1668 2934 1830 2977 vasa.
1873 2913 2013 2979 vini
2059 2922 2124 2977 et
2169 2912 2300 2975 duo
2371 2914 2660 2977 stamina

271 2998 361 3063 de
424 2996 714 3062 skarleto
772 2997 979 3063 rubeo
1038 3007 1135 3088 etj
1164 3010 1311 3065 octo·
1355 2997 1778 3081 'baldekinosg
1843 3008 1910 3063 et
1971 2999 2302 3063 Dominae
2365 2998 2660 3082 reginae,

271 3086 659 3235 {rarissimae
696 3086 963 3173 conjugi
988 3094 1269 3169 nostrae,
1314 3086 1533 3150 unum‘
1564 3093 1820 3153 stamen
1865 3084 1948 3149 de
2009 3082 2298 3149 skarleto
2361 3091 2430 3148 et
2488 3082 2656 3149 duos

327 3192 369 3235 a
444 3192 481 3235 e
531 3184 729 3235 mos.-'
821 3216 828 3220 -
2361 3207 2365 3211 -
2427 3202 2432 3211 ·

450 3306 876 3374 Conditiones
920 3317 1142 3373 autem
1186 3308 1529 3374 locationis
1573 3308 1784 3392 ipsius
1847 3317 2000 3373 sunt
2055 3306 2242 3389 tales,
2309 3306 2661 3374 videlicet:

452 3395 508 3459 1.
556 3394 749 3479 Quod
792 3394 968 3457 idem
1012 3394 1090 3462 E.
1138 3396 1443 3460 emendet
1487 3405 1551 3461 et
1576 3394 1946 3459 emendare
1990 3402 2656 3479 teneaturargentum

268 3478 517 3562 taliter,
562 3488 635 3543 ut
676 3478 853 3544 facta
898 3482 1385 3567 comparatione
1428 3483 1620 3545 istius
1667 3482 1922 3567 argenti
1967 3479 2142 3566 quod
2187 3478 2382 3545 modo
2428 3481 2652 3557 currit,

271 3569 360 3632 ad
418 3562 591 3631 illud
648 3576 992 3650 argentum
1053 3568 1229 3651 quod
1287 3576 1506 3632 curret
1572 3589 1746 3631 anno
1809 3568 2136 3652 sequenti,
2198 3587 2418 3630 marca
2475 3565 2658 3631 illius

271 3652 532 3737 argenti
578 3652 755 3737 quod
796 3660 957 3719 tunc
1002 3662 1218 3721 curret
1261 3654 1369 3718 vel
1416 3674 1676 3717 currere
1717 3654 2002 3735 debebit,
2051 3654 2135 3717 sit
2178 3651 2412 3717 melior
2457 3673 2656 3738 quam

270 3760 499 3804 marca
544 3759 711 3827 quae
756 3760 935 3802 nunc
996 3741 1216 3821 currit,
1262 3760 1393 3804 uno
1435 3739 1676 3820 letone,
1723 3740 1814 3803 ita
1859 3740 2035 3825 quod
2058 3746 2398 3822 argentum
2445 3738 2653 3802 futuri

271 3826 430 3889 anni
493 3825 565 3889 in
626 3843 703 3889 ea
763 3826 1127 3910 quantitate
1187 3824 1501 3897 bonitatis
1577 3847 1697 3912 per
1764 3825 2212 3910 depurationis
2289 3822 2656 3889 remedium

274 3930 388 3974 seu
432 3912 905 3975 correctionem
950 3932 1129 3975 nunc
1174 3920 1475 3975 currente
1498 3920 1771 3995 argento
1799 3914 1882 3974 sit
1904 3911 2158 3992 melius,
2205 3908 2382 3996 quod
2425 3930 2651 3976 marca

277 3998 535 4065 cursuri
581 3998 836 4087 argenti
894 4018 1029 4063 uno
1075 3995 1297 4062 lotone
1341 3998 1425 4062 sit
1485 4000 1728 4067 melior·
1780 4018 2007 4062 marca
2065 3997 2134 4060 in
2179 3996 2453 4061 instanti
2499 4016 2643 4063 cur-

271 4084 501 4149 rentis.

446 4204 507 4269 2.
549 4200 875 4267 Volumus
921 4203 1118 4268 etiam
1165 4202 1341 4288 quod
1388 4226 1586 4290 super
1644 4224 1930 4267 marcam
1991 4198 2246 4287 argenti
2293 4170 2653 4268 fabricetur

273 4286 536 4355 tertium
582 4288 925 4355 dimidium
970 4288 1768 4357 talentum-·-d-enariorum
1829 4288 2328 4355 moravicalium
2375 4297 2441 4355 et
2485 4288 2650 4355 duo-
