3150 5017
532 276 669 327 nm.
714 277 809 329 Π.
1497 292 1587 305 -—
1671 206 1800 320 392
1886 292 1972 303 —

543 450 729 497 cum:
804 428 875 496 Si
942 430 1473 499 reconventionis
1539 428 1769 517 petitio
1833 426 2328 514 praejudicialis
2371 425 2570 493 fuerit
2625 421 2910 513 petitioni

546 515 923 603 principali,
970 516 1078 583 vel
1123 518 1180 581 si
1226 526 1407 584 actor
1450 523 1607 603 agat
1651 514 1956 597 civiliter,
2017 524 2081 581 et
2124 535 2277 581 reus
2319 515 2535 603 ipsum
2582 512 2654 579 in
2697 534 2910 579 recon-

541 603 855 670 ventione
899 604 1147 669 nitatur
1193 602 1623 671 criminaliter
1664 602 2043 690 impulsare,
2089 611 2206 668 aut
2249 623 2284 668 e
2331 620 2652 669 converso
2697 602 2753 669 si
2797 599 2908 665 cri·

540 689 874 757 minaliter
933 698 1117 756 actor
1160 691 1385 777 egerit,
1446 712 1559 757 reo
1618 690 1837 778 ipsum
1897 688 2180 755 civiliter
2224 689 2620 776 impetent03
2689 687 2910 754 merito

534 776 1068 849 reconventionis
1113 775 1503 843 beneficium
1546 776 1652 842 his
1682 776 1948 843 casibus
1995 778 2434 863 extinguetur,
2481 775 2637 863 quia
2681 795 2908 862 aequa-

533 864 684 935 litas
746 873 845 930 est
904 866 975 928 in
1024 864 1299 950 judiciis
1344 864 1642 953 partibus
1689 864 2125 946 observanda,
2186 884 2271 933 ne
2329 863 2757 929 reconventio
2801 860 2916 925 ini·

580 952 802 1017 uitatis
864 953 952 1017 sit
1009 950 1369 1035 vinculum,
1432 950 1548 1017 sed
1601 952 1823 1037 justae
1887 951 2222 1038 petitionis
2269 948 2656 1017 subsidium.
2750 952 2810 1031 §-
2853 947 2910 1013 8.

534 972 731 1103 t[llnde
776 1038 987 1125 primo
1030 1038 1106 1103 fit
1148 1036 1281 1104 litis
1328 1040 1718 1105 contestatio
1743 1060 1943 1126 super
1989 1038 2307 1126 petitione
2349 1038 2612 1115 actoris,
2658 1042 2725 1102 et
2773 1056 2915 1099 con-

538 1133 889 1212 sequenter
932 1146 1130 1213 super
1222 1126 1487 1191 etitione
1533 1126 1663 1209 rei3
1711 1124 1979 1190 demum
2019 1124 2310 1191 vicissim
2352 1124 2912 1209 interrogationes,

538 1211 962 1299 probationes
1022 1219 1089 1277 et
1147 1234 1187 1276 a
1213 1211 1575 1299 legationes
1635 1212 1979 1277 ambarum
2054 1212 2340 1299 partium
2400 1210 2780 1291 audiantur,
2859 1215 2918 1273 et

487 1306 490 1311 “
584 1299 750 1364 rimo
798 1319 916 1386 pro
978 1308 1217 1382 actore,
1277 1298 1517 1365 deinde
1579 1320 1697 1386 pro
1744 1320 1855 1364 reo
1902 1300 2228 1365 sententia
2271 1297 2661 1385 proferatur.
2759 1296 2816 1382 ᾗ.
2859 1294 2918 1359 9.

604 1406 680 1452 ec
721 1407 923 1472 grave
968 1387 1273 1473 cuiquam
1297 1388 1559 1467 existat,
1599 1387 1770 1472 juris
1795 1387 2093 1452 ordinem
2137 1386 2234 1450 sic
2255 1386 2326 1449 in
2371 1405 2718 1451 causarum
2768 1402 2912 1471 pro-

540 1471 838 1540 cessibus
883 1472 1163 1538 feliciter
1207 1472 1559 1550 observari,
1607 1494 1804 1560 quam
1853 1494 1969 1560 per
2012 1471 2326 1559 reprobos
2363 1473 2535 1557 juris
2581 1470 2916 1537 ministros

540 1580 618 1625 eo
663 1560 951 1626 obmisso
975 1581 1200 1625 veram
1243 1561 1688 1625 innocentiam
1733 1559 2145 1648 frequentius
2189 1558 2707 1645 condampnari3
2751 1555 2918 1643 judi-

542 1645 784 1712 ciarius
828 1648 1004 1712 enim
1050 1644 1209 1712 ordo
1235 1669 1385 1712 cum
1431 1648 1556 1712 sibi
1579 1647 2175 1712 concomitantibus
2199 1668 2333 1712 non
2380 1648 2539 1712 sinit
2583 1666 2624 1710 a
2660 1643 2918 1732 justitia

542 1731 914 1800 exorbitare
950 1735 1208 1819 juratos
1245 1734 1511 1819 judices
1558 1743 1624 1799 et
1669 1743 1922 1800 actores
1971 1733 2254 1809 illicitos,
2300 1733 2596 1819 ipsorum
2642 1739 2914 1798 conatus

544 1818 732 1885 freno
795 1820 1092 1906 justitiae
1150 1820 1562 1903 refrenando,
1633 1842 1758 1887 nec
1817 1832 2059 1887 temere
2105 1819 2522 1906 litigantibus
2583 1818 2772 1885 laxat
2811 1816 2915 1884 ha-

547 1906 769 1971 benas.
856 1909 911 1993 §.
962 1908 1062 1972 10.
1107 1907 1196 1971 Et
1241 1930 1390 1972 cum
1429 1909 1626 1994 juxta
1671 1908 2024 1974 canonicas
2071 1908 2445 1973 sanctiones
2490 1906 2701 1972 malos
2747 1926 2915 1971 com-

544 1995 829 2081 primere
872 2001 939 2059 et
983 1992 1191 2059 bonos
1236 1995 1583 2061 sublevare
1621 1995 1912 2060 officium
1958 1996 2044 2084 sit
2088 1992 2329 2081 regale,
2392 1993 2568 2081 quod
2627 1993 2776 2059 sine
2824 1994 2919 2075 ju·

547 2081 743 2157 stitia,
802 2101 973 2168 quae
1034 2089 1134 2147 est
1194 2091 1501 2148 constans
1564 2091 1632 2147 et
1675 2092 1994 2169 perpetua
2038 2082 2350 2147 voluntas
2387 2080 2498 2165 jus
2542 2102 2733 2146 suum
2783 2078 2912 2143 uni·

486 2184 497 2197 ⁶
546 2169 782 2254 cuique
839 2166 1171 2250 tribuens,
1248 2190 1332 2235 ne
1381 2172 1598 2235 uimus
1659 2169 1898 2235 effectu
1959 2169 2375 2256 mancipare,
2453 2190 2605 2233 nam
2667 2167 2738 2234 in
2805 2186 2915 2231 sua

547 2256 939 2321 executione
980 2256 1128 2341 ipsa
1172 2277 1323 2321 man
1374 2265 1443 2323 at
1474 2256 1653 2342 juris
1677 2256 1973 2321 ordinem
2017 2256 2294 2321 firmiter
2338 2254 2697 2337 observari,
2741 2274 2915 2319 cum·

542 2362 671 2429 que
725 2342 839 2428 jus
896 2342 1193 2425 justitiae
1262 2344 1347 2408 sit
1416 2344 1857 2425 executivum,
1915 2343 2090 2428 juris
2155 2351 2373 2408 autem
2420 2341 2772 2430 prudentia
2816 2338 2948 2406 do-·

544 2436 708 2510 ceat,
754 2426 1036 2515 qualiter
1080 2429 1296 2496 sortiri
1342 2428 1581 2495 debeat
1623 2428 1749 2496 hoc
1794 2430 2118 2507 effectum,
2179 2437 2252 2494 ut
2296 2430 2752 2517 unusquisque
2799 2426 2916 2491 sibi

543 2512 839 2580 debitum
884 2514 1215 2581 mediante
1262 2517 1527 2602 justitia
1586 2525 2058 2604 consequatur:
2126 2516 2303 2583 unde
2369 2516 2471 2581 his
2531 2515 2745 2581 tribus
2791 2514 2917 2579 vir·

542 2600 815 2683 tutibus,
861 2602 1109 2668 scilicet
1143 2602 1463 2688 justitiae,
1504 2604 1641 2690 juri
1687 2625 1766 2669 ac
1813 2604 2054 2669 deinde
2091 2600 2652 2691 jurisprudentiae
2694 2603 2917 2667 immo·

548 2687 769 2753 biliter
812 2686 1262 2767 adhaerentes,
1325 2712 1409 2757 ex
1454 2712 1732 2777 quarum
1779 2690 1961 2756 fonte
2021 2698 2244 2756 noster
2302 2688 2460 2756 ordo
2511 2688 2918 2777 justiciarius

545 2772 921 2856 derivatur,
980 2796 1176 2863 quem
1239 2780 1588 2844 statuimus
1648 2776 1771 2843 sub
1831 2798 2047 2864 poena
2107 2778 2398 2842 omnium
2457 2775 2786 2842 bonorum
2847 2794 2920 2838 ac

544 2882 972 2950 personarum
1031 2860 1114 2927 ab
1163 2864 1543 2949 urburariis,
1581 2863 1945 2951 judicibus,
1996 2864 2236 2949 juratis
2297 2885 2378 2928 ac
2421 2862 2728 2929 omnibus
2773 2860 2916 2927 aliis

542 2952 612 3013 in
648 2948 906 3034 judicio
967 2948 1383 3036 litigantibus
1442 2959 1515 3016 ut
1574 2949 1894 3039 pupillam
1956 2949 2130 3015 oculi
2189 2949 2664 3017 inviolabiliter
2711 2956 2916 3014 custo-

545 3034 691 3100 diri.
740 3034 1079 3123 Quidquid
1126 3058 1282 3104 vero
1327 3044 1557 3104 contra
1590 3038 1735 3125 jam
1781 3044 2096 3104 statutum
2141 3037 2438 3103 ordinem
2480 3044 2776 3104 nostrum
2811 3035 2915 3121 ju-

549 3122 867 3189 diciarum
930 3126 1395 3191 sententiatum
1456 3134 1570 3192 aut
1613 3125 1942 3212 prolatum
1986 3123 2202 3209 fuerit,
2264 3125 2408 3212 ipso
2445 3124 2600 3211 jure
2645 3124 2730 3189 sit
2772 3122 2916 3188 irri-

544 3217 685 3275 tum
747 3218 814 3275 et
875 3208 1093 3293 inane,
1156 3210 1584 3277 nihilominus
1629 3220 1852 3278 tamen
1909 3232 2164 3298 poenae
2198 3211 2343 3298 jam
2385 3218 2673 3283 statutae
2717 3207 2914 3277 nostri

542 3296 721 3385 juris
764 3297 1362 3385 transgressoribus
1404 3298 1863 3367 imminebunt.

1546 3822 1718 3912 Gap.
1761 3820 1953 3892 vm.

1354 3944 1455 4009 De
1498 3943 1631 4010 litis
1673 3947 2131 4012 contestatione.

720 4080 1023 4183 Cognitis
1068 4079 1171 4147 his
1218 4081 1340 4148 sub
1386 4082 1710 4151 brevitate
1757 4083 2000 4169 debita,
2094 4107 2216 4152 uae
2263 4093 2414 4152 ante
2443 4064 2698 4151 'causae
2738 4081 2901 4171 prin·

547 4168 778 4253 cipalis
823 4190 1190 4253 ingressum
1238 4190 1434 4259 saepe
1479 4172 1549 4236 in
1585 4171 1854 4259 judiciis
1892 4174 2069 4240 venti
2103 4182 2318 4256 antur,
2365 4193 2533 4260 quae
2577 4190 2902 4259 praepara·

545 4256 715 4319 toria
774 4264 926 4321 sunt
985 4252 1071 4320 ad
1106 4254 1455 4341 judicium,
1518 4258 1694 4346 quod
1754 4281 1873 4346 per
1931 4258 2066 4326 litis
2126 4261 2666 4339 contestationem
2721 4255 2902 4325 sumit
