3150 5017
1492 335 1926 402 ...74—

685 511 743 574 3.
791 506 862 574 Si
929 517 1147 576 autem
1213 509 1541 575 homicida
1606 507 2051 596 deprehensus
2120 509 2317 574 fuerit
2376 512 2448 574 in
2522 515 2668 602 ipso
2738 525 2891 580 actu

519 617 667 664 cum
711 595 930 682 gladio
976 605 1333 672 cruentato,
1377 604 1442 662 et
1485 597 1541 662 si
1573 597 1792 684 judex
1836 596 1959 662 hoc
2004 595 2283 682 probare
2326 603 2566 684 poterit
2605 623 2756 666 cum
2774 601 2892 668 VI.

520 682 774 749 idoneis
821 692 886 749 et
929 683 1220 753 honestis
1267 685 1562 768 personis
1608 691 1675 748 et
1718 705 1848 749 uno
1894 685 2130 768 jurato,
2176 703 2255 748 ca
2302 684 2389 748 ite
2432 687 2760 773 puniatur.

697 769 768 836 Si
827 791 984 836 vero
1041 768 1255 856 judex
1321 770 1690 856 praedictas
1736 791 2048 856 personas
2092 789 2225 834 non
2318 769 2570 839 abuerit
2614 773 2700 839 ad
2746 795 2893 860 pro-

526 855 838 940 bandum,
884 855 1118 944 probet
1164 858 1610 943 met-quintus,
1674 855 1933 922 duobus
1974 855 2287 922 videlicet
2343 857 2580 938 juratis
2640 868 2708 926 et
2750 859 2895 925 aliis

526 943 780 1008 duobus
847 942 1138 1008 honestis
1205 943 1385 1019 viris,
1447 945 1540 1008 ita
1598 951 1672 1007 ut
1739 940 1819 1008 de
1876 941 2229 1028 praedictis
2286 941 2387 1009 VI
2446 946 2604 1010 viris
2663 947 2769 1011 vel
2815 946 2897 1011 de

518 1038 804 1180 puatuor
847 1029 1292 1116 sequentibus,
1337 1029 1558 1096 nullus
1602 1029 1905 1094 inimicus
1942 1029 2048 1094 vel
2072 1025 2367 1096 aemulus
2390 1033 2679 1098 extiterit
2698 1033 2895 1099 inter-

546 1117 695 1199 ecti,
737 1117 952 1200 capite
996 1117 1324 1202 puniatur.

691 1204 754 1268 4.
803 1201 873 1268 Si
919 1210 1135 1268 autem
1181 1202 1512 1267 homicida
1554 1202 1865 1287 legitimis
1906 1210 2009 1267 ter
2051 1211 2321 1268 vocatus
2365 1204 2613 1286 edictis,
2674 1225 2897 1270 coram

511 1288 768 1376 judicio
812 1311 947 1356 non
993 1291 1444 1376 comparuerit,
1481 1289 1697 1373 judex
1740 1309 1889 1354 eum
1937 1287 2370 1375 proscriptum
2416 1291 2784 1372 denunciet,
2834 1300 2900 1356 et

519 1377 734 1462 prima
778 1397 930 1462 pars
974 1376 1296 1441 bonorum
1342 1397 1606 1440 suorum
1643 1374 1876 1462 judici,
1921 1374 2129 1440 altera
2170 1397 2327 1462 pars
2377 1378 2728 1462 actoribus,
2770 1387 2898 1444 ter·

520 1464 612 1528 tia
655 1483 814 1529 vero
859 1462 1053 1528 cedat
1096 1461 1322 1526 liberis
1367 1471 1433 1528 et
1476 1465 1686 1526 uxori.

692 1549 942 1614 Verum
996 1550 1052 1613 si
1119 1546 1343 1614 liberis
1389 1557 1456 1614 et
1497 1569 1702 1613 uxore
1746 1557 1967 1613 careat
2008 1547 2356 1632 homicida,
2418 1551 2531 1636 qui
2574 1551 2897 1638 proscrip-

518 1638 702 1703 tione
771 1637 1140 1716 damnatur,
1207 1635 1421 1721 prima
1486 1655 1642 1721 pars
1706 1634 2027 1699 bonorum
2086 1655 2348 1701 suorum
2398 1636 2631 1721 judici,
2692 1636 2899 1702 altera

521 1721 872 1802 actoribus,
919 1721 1114 1786 tertia
1155 1742 1314 1786 vero
1359 1721 1676 1803 ecclesiis,
1724 1720 2068 1806 egentibus
2112 1730 2179 1787 et
2220 1721 2307 1786 ad
2351 1724 2497 1788 vias
2532 1723 2897 1790 reforman-

529 1809 648 1875 das
693 1807 775 1874 de
821 1807 1150 1872 communi
1197 1808 1468 1873 consilio
1512 1807 1952 1892 impendatur.

692 1894 753 1959 5.
805 1893 1024 1980 Igitur
1070 1895 1446 1982 quicunque
1466 1915 1584 1980 pro
1604 1893 1953 1958 homicidio
2000 1893 2069 1957 in
2115 1895 2657 1982 proscriptionem
2704 1895 2895 1960 deve-

521 1982 710 2065 nerit,
755 1985 823 2046 in
872 1984 1018 2068 ipsa
1066 2003 1186 2070 per
1228 2003 1472 2047 annum
1521 1989 1589 2047 et
1634 1980 1829 2062 diem,
1876 1981 2169 2045 omnium
2212 1982 2587 2048 interventu
2633 1982 2895 2048 destitu-

517 2079 622 2136 tus
666 2078 730 2134 et
772 2069 1037 2151 auxiliO,
1082 2067 1508 2157 permanebit.
2045 2141 2050 2146 .

687 2157 1121 2222 Deci-evimus
1209 2156 1425 2235 etiam,
1510 2162 1583 2218 ut
1674 2153 2049 2240 quicunque
2128 2162 2396 2239 propter
2474 2154 2893 2220 homicidium

524 2241 915 2329 dampnetur
961 2241 1179 2317 exilio,
1237 2241 1424 2305 finito
1483 2261 1659 2305 anno
1704 2249 1771 2305 et
1814 2241 1921 2304 die
1966 2259 2379 2326 nequaquam
2424 2242 2755 2308 civitatem
2800 2243 2893 2304 in-

517 2328 736 2406 trabit,
783 2337 1134 2415 antequam
1181 2349 1467 2393 marcam
1515 2328 1771 2412 argenti
1817 2326 2063 2391 civitati
2108 2327 2421 2411 assignet.

693 2416 754 2479 6.
803 2413 978 2478 Sane
1003 2415 1058 2478 si
1085 2413 1411 2480 homicida
1434 2436 1566 2480 non
1591 2413 1791 2480 habet
1834 2411 2007 2477 infra
2048 2433 2273 2478 muros
2315 2412 2543 2478 valens
2582 2415 2891 2500 quinqua·

523 2501 709 2586 ginta
753 2499 1020 2575 talenta,
1065 2509 1132 2565 et
1176 2499 1600 2566 nihilominus
1667 2499 2113 2586 fidejussorem
2160 2521 2279 2585 pro
2324 2519 2395 2564 se
2438 2501 2675 2586 poterit
2718 2502 2893 2566 inve-

525 2587 687 2667 nire,
733 2585 905 2650 idem
967 2585 1329 2672 fidejubeat
1385 2607 1504 2672 pro
1565 2606 1643 2652 eo
1688 2586 1757 2651 in
1804 2607 2059 2651 summa
2104 2586 2587 2672 quinquaginta
2626 2585 2891 2652 talento·

521 2693 688 2754 rum,
737 2671 819 2737 de
862 2671 1104 2756 quibus
1148 2673 1625 2758 quinquaginta
1684 2671 1945 2738 talentis
1992 2673 2183 2736 tertia
2223 2693 2379 2759 pars
2413 2671 2646 2758 judici,
2704 2671 2891 2737 tertia

522 2779 677 2847 pars
722 2759 943 2839 actori,
989 2758 1182 2822 tertia
1224 2779 1381 2823 vero
1427 2759 1673 2823 civitati
1720 2758 2025 2824 solvetur.

701 2844 771 2910 Si
829 2843 1277 2930 fidejussorem
1347 2866 1479 2910 non
1539 2843 1863 2926 habuerit,
1915 2844 2129 2928 judex
2172 2846 2387 2930 ipsum
2432 2845 2651 2930 capiat
2694 2852 2761 2908 et
2802 2853 2886 2908 te·

519 2940 692 3013 neat,
738 2953 1080 3032 quousque
1124 2930 1205 2996 de
1250 2933 1392 3016 ipso
1429 2930 1704 3017 judicet,
1750 2932 1919 2996 sicut
1950 2930 2201 3014 justum
2228 2931 2423 2996 fuerit
2466 2938 2533 2996 et
2576 2927 2737 2995 ordo
2778 2951 2886 3017 po·

516 3017 714 3084 stulat
753 3017 1042 3084 rationis.

690 3105 748 3168 7.
791 3104 1090 3190 Insuper,
1153 3106 1206 3169 si
1265 3103 1440 3168 filius
1501 3111 1612 3167 aut
1658 3104 1905 3168 amicus
1950 3102 2233 3188 alicujus
2280 3109 2676 3188 quemquam
2724 3103 2881 3168 occi-

519 3191 652 3272 dat,
711 3199 778 3255 et
835 3199 1023 3278 pater
1067 3190 1172 3256 vel
1217 3191 1469 3254 amicus
1515 3190 1659 3274 ejus
1706 3189 1943 3255 absens
2004 3187 2203 3254 fuerit
2245 3188 2353 3254 vel
2401 3209 2711 3274 praesens
2760 3209 2882 3257 ma·

521 3298 682 3341 num
725 3297 859 3341 non
911 3278 1308 3363 apposuerit,
1353 3276 1409 3340 si
1453 3277 1845 3342 met-tertius
1888 3277 2178 3340 virorum
2223 3274 2513 3341 fidelium
2580 3274 2705 3341 hoc
2752 3295 2885 3362 pro·

522 3362 680 3428 bare
713 3364 973 3446 poterit,
1006 3364 1090 3429 ab
1107 3365 1284 3429 omni
1303 3362 1574 3449 culpaet
1587 3384 1799 3449 poena
1822 3363 2038 3449 ipsum
2066 3362 2477 3427 decernimus
2508 3361 2891 3428 absolutum.

698 3449 762 3514 8.
808 3448 993 3524 Item,
1057 3451 1112 3514 si
1171 3451 1317 3534 quis
1365 3451 1446 3514 de
1490 3449 1843 3514 homicidio
1886 3449 2225 3514 incusatus
2284 3446 2625 3513 confessus
2681 3448 2890 3528 fuerit,

519 3533 692 3622 quod
736 3534 808 3600 id
851 3533 1080 3600 fecerit
1121 3537 1255 3600 vim
1300 3537 1367 3600 vi
1411 3534 1813 3620 repellend0,
1858 3533 1928 3598 id
1974 3541 2074 3598 est
2118 3533 2641 3616 notwernde‚
2688 3537 2744 3598 si
2774 3535 2891 3600 hoc

516 3625 734 3710 ipsum
809 3621 1190 3706 probaverit
1260 3623 1737 3707 met-septimus
1802 3619 2243 3706 probabilium
2318 3621 2607 3686 virorum
2633 3667 2652 3702 ,
2727 3623 2893 3686 inter

519 3731 682 3797 quos
739 3707 875 3776 VH
931 3709 1018 3774 sit
1081 3729 1252 3773 unus
1313 3709 1396 3773 de
1451 3707 1693 3792 juratis
1753 3708 2089 3794 principis,
2156 3707 2471 3772 innocens
2516 3708 2671 3791 erit;
2735 3717 2803 3772 et
2844 3706 2893 3772 si

508 3797 805 3884 juratum
862 3793 1104 3860 habere
1163 3816 1298 3860 non
1360 3795 1615 3880 poterit,
1672 3795 1970 3881 acquirat
2032 3814 2181 3858 eum
2226 3815 2347 3880 per
2390 3793 2518 3860 Dei
2551 3794 2893 3880 justitiam,

517 3882 589 3947 id
632 3891 752 3964 est,
810 3903 930 3969 per
990 3879 1302 3948 ‘udicium
1363 3900 1607 3966 aquae3
1667 3881 1724 3944 si
1781 3901 1938 3945 vero
1994 3880 2063 3944 in
2124 3900 2299 3965 aqua
2342 3900 2723 3964 processum
2764 3901 2892 3944 non

517 3967 837 4050 habuerit,
881 3987 951 4034 se
1058 3966 1405 4049 defectum,
1465 3966 1759 4054 acquirat
1816 3988 1965 4032 eum
2025 3987 2145 4056 per
2200 3968 2219 4030 i
2315 3967 2475 4032 itum
2522 3966 2787 4050 ferrum,
2836 3974 2894 4031 et

517 4054 669 4121 talis
715 4055 1100 4141 expurgatio
1167 4055 1306 4121 sive
1358 4053 1682 4141 judicium
1744 4052 2013 4120 cuilibet
2065 4054 2227 4119 indu
2255 4061 2463 4139 gatar,
2510 4053 2621 4141 qui
2664 4055 2737 4117 in
2782 4054 2884 4117 ho·

522 4140 788 4207 micidio
829 4139 1215 4226 inpulsatur.
2960 4143 2965 4156 '

693 4227 756 4291 9.
815 4226 1009 4292 Nunc
1067 4226 1150 4292 de
1204 4227 1587 4294 vulneribus
1648 4225 1957 4292 duximus
2019 4226 2519 4292 annectendum.
2610 4225 2681 4292 Si
2748 4227 2888 4315 quis

523 4314 765 4382 civium
806 4311 1003 4378 alicui
1047 4333 1312 4379 manum
1360 4315 1816 4398 amputaverit,
1861 4311 1969 4378 vel
2014 4313 2268 4400 pedem,
2315 4322 2431 4380 aut
2476 4335 2733 4398 nasum,
2782 4321 2889 4379 aut
