3150 5017
396 4416 629 4461 alreeekz
654 4423 815 4465 Codex.
844 4424 875 4463 1.

1164 320 1648 389 -113-

1486 507 1722 586 potest,
1750 498 1875 564 nisi
1899 508 2058 564 tunc
2079 500 2352 586 ajudice
2368 492 2623 587 etjura—

1486 588 1571 651 tis
1610 586 1938 672 eligantur
1996 586 2128 651 duo
2171 585 2280 652 vel
2337 596 2472 652 tres
2516 587 2623 653 vel

1489 682 1771 759 quatuor
1785 674 1854 737 in
1893 672 2116 759 aliquo
2137 673 2284 739 vico
2309 674 2620 757 civitatis,

1488 781 1764 845 quorum
1828 758 1983 825 fidei
2043 761 2505 843 committatur,
2551 769 2625 825 ut

1490 845 1824 932 quaelibet
1869 847 2151 912 civitatis
2173 848 2414 913 nociva
2442 869 2622 913 com-

1487 942 1828 1019 pescatur;
1874 932 1973 997 illi
2019 932 2349 1020 quoslibet
2392 955 2622 1000 exces-

1402 1054 1409 1061 ·
1489 1042 1601 1086 sus
1646 1041 1956 1085 accusare
2003 1028 2296 1106 possunt,
2357 1020 2474 1087 sed
2519 1039 2626 1087 eo·

1489 1128 1637 1171 rum
1703 1115 1992 1191 potestas
2059 1106 2416 1172 accusandi
2497 1108 2626 1173 nisi

1490 1215 1612 1258 sex
1681 1192 1945 1259 durabit
2009 1192 2441 1259 hebdomadis
2469 1242 2486 1274 ‚
2561 1203 2628 1259 et

1488 1278 1614 1345 hoc
1679 1279 1846 1362 ideo,
1907 1300 1991 1345 ne
2045 1278 2192 1345 loco
2249 1280 2622 1366 juratorum

1490 1366 1655 1432 tales
1700 1364 2110 1449 habeantur3
2202 1388 2322 1433 sex
2403 1375 2626 1432 autem

1491 1452 1922 1518 hebdomadis
1965 1452 2169 1518 finitis
2211 1452 2376 1519 tales
2411 1452 2626 1541 judici

1490 1548 1557 1605 et
1591 1540 1833 1626 juratis
1879 1560 2070 1605 suum
2115 1541 2241 1607 resi
2338 1549 2454 1607 ent
2489 1539 2628 1605 offi-

1492 1628 1688 1709 cium,
1733 1635 1799 1691 et
1843 1626 1899 1691 si
1943 1647 2210 1691 necesse
2283 1626 2471 1708 uerit,
2516 1625 2631 1691 alii

1492 1711 1601 1778 vel
1644 1714 1881 1779 iterum
1928 1712 2026 1777 illi
2072 1714 2352 1799 pristino
2409 1712 2625 1778 officio

1492 1801 1976 1881 instaurentur3
2024 1808 2090 1863 et
2154 1801 2209 1864 si
2275 1801 2346 1865 in
2413 1800 2631 1866 officio

1493 1908 1614 1951 suo
1660 1885 1744 1951 ab
1791 1886 2011 1974 aliquo
2057 1886 2438 1952 indecenter
2480 1886 2628 1954 red-

1491 1974 1706 2059 arguti
1766 1974 2030 2056 fuerint,
2098 1972 2625 2074 qualemcunque

1542 2081 1779 2125 oenam
1844 2058 1942 2125 illi
2010 2059 2200 2126 electi
2261 2067 2628 2140 statuerint,

1543 2168 1671 2211 anc
1714 2146 1797 2211 ab
1838 2148 1931 2211 eis
1955 2154 2300 2212 accusatus
2323 2146 2630 2232 patiatur.

1583 2233 1760 2299 LXI.
1793 2233 1891 2298 De
1907 2233 2009 2299 die
2012 2233 2262 2319 judicii
2268 2243 2620 2320 perempto·

1494 2322 1620 2385 ria.
1647 2325 1707 2403 ξ.
1745 2329 1801 2386 1.
1839 2320 2246 2407 Cuicumque
2292 2319 2432 2387 dies
2477 2342 2628 2406 per-

1497 2408 1817 2495 emptoria
1846 2429 1964 2494 pro
2010 2407 2234 2494 aliqua
2276 2428 2478 2473 causa
2529 2406 2632 2471 fu—

1495 2493 2631 2581 eritassignatacoramjudiciocom·

1494 2582 1792 2668 parendi,
1810 2582 1864 2647 si
1896 2604 2028 2647 non
2053 2582 2509 2669 comparuerit,
2541 2589 2632 2645 te·

1496 2677 1711 2733 stante
1746 2667 1972 2755 judice
2018 2678 2084 2735 et
2118 2669 2381 2754 juratis,
2404 2668 2636 2733 adver-

1498 2756 1712 2820 sarius
1735 2756 1880 2841 ejus
1915 2756 2032 2841 jus
2078 2777 2266 2819 suum
2292 2753 2632 2820 obtinebit.

1498 2846 1557 2925 ἓ.
1572 2843 1632 2907 2.
1646 2840 1716 2907 Si
1733 2852 1948 2909 autem
1963 2840 2326 2907 absentiam
2345 2862 2528 2905 suam
2546 2840 2636 2905 le-

1497 2930 1727 3013 gitima
1771 2924 2157 2995 necessitate
2233 2925 2633 3013 raepeditam
2725 2974 2742 2987 .

1498 3016 1780 3102 probare
1803 3015 2101 3091 voluerit,
2127 2951 2242 3078 tall
2267 3012 2460 3079 modo
2487 3034 2634 3100 pro-

1499 3101 1722 3167 cedet:
1769 3101 1838 3167 Si
1884 3101 2082 3167 fuerit
2125 3100 2416 3165 residens
2462 3100 2635 3164 infra

1501 3189 1816 3254 terminos
1849 3199 2090 3269 (errae,
2129 3188 2198 3251 in
2260 3188 2470 3274 primo
2517 3207 2635 3251 suo

1500 3276 1789 3341 adventu
1863 3275 2157 3359 judicem
2250 3282 2315 3337 et
2381 3274 2639 3360 juratos

1501 3362 1711 3438 adeat,
1757 3383 2022 3426 causam
2087 3381 2243 3423 suae
2298 3359 2639 3424 absentiae

1501 3450 1663 3535 ipsis
1709 3447 1990 3513 lucidius
2037 3444 2452 3512 declaranda
2513 3444 2638 3511 Oui

1494 3536 1708 3621 judex
1768 3534 1938 3599 diem
1987 3535 2356 3621 proximam
2401 3529 2636 3618 judicii

1503 3630 1746 3686 statuet
1791 3631 1856 3686 et
1915 3642 2034 3685 suo
2101 3620 2504 3697 adversario,
2565 3618 2634 3680 in

1504 3729 1634 3794 quo
1671 3707 1925 3793 judicio
1985 3728 2248 3772 causam
2305 3705 2642 3769 absentiae

1505 3797 1652 3880 (per
1698 3794 1968 3859 evidens
2013 3792 2485 3875 testimonium)
2547 3800 2641 3855 te-

1504 3890 1698 3945 netur
1743 3880 2183 3965 comprobare.
2232 3877 2301 3942 Si
2347 3899 2503 3943 vero
2548 3886 2641 3941 te-

1505 3969 1882 4039 stimonium
1953 3988 2082 4052 quo
2127 3963 2480 4053 procedere
2537 3965 2637 4027 ni·

1503 4055 1684 4136 titur,
1731 4063 1994 4140 propter
2040 4054 2180 4117 vias
2213 4060 2495 4117 remotas
2526 4049 2640 4115 illo

1507 4140 1614 4205 die
1659 4140 1901 4205 habere
1948 4160 2079 4203 non
2125 4140 2383 4225 poterit,
2408 4140 2641 4201 iterum

1508 4229 1594 4291 ad
1641 4229 2003 4313 proximam
2051 4225 2222 4291 diem
2262 4224 2498 4311 judicii
2545 4224 2639 4288 in·

1508 4314 1898 4396 duciabitur,
1945 4321 2011 4377 et
2055 4314 2144 4376 ibi
2177 4312 2461 4377 finaliter
2492 4329 2643 4371 cau-
