3150 5017
1490 237 1967 306 -2310—

1487 413 1681 497 ’ῡομ
1742 410 1930 480 XVI.

1531 531 1637 595 De
1666 529 1907 617 fabr&-

700 675 762 754 ξ.
811 673 868 734 1.
923 668 1178 740 Eabros
1235 668 1661 760 principales,
1722 664 2052 754 quondam
2098 668 2301 734 totius
2358 661 2567 732 nostri
2624 665 2919 752 argenti-

527 757 688 826 fodii
727 756 1124 840 turbatores,
1169 757 1500 843 praesenti
1545 755 2014 823 constitutione
2060 774 2479 842 compescere
2540 755 2914 839 cupientes,

531 844 612 910 de
655 842 1004 912 inutilibus
1047 842 1498 924 turbatoribus
1542 863 1661 930 per
1704 863 1827 916 nos
1870 841 2133 907 efficere
2188 838 2616 926 argentifodii
2656 861 2919 926 promo-

411 1003 414 1006 ,
525 939 719 1010 tores,
765 931 1039 996 firmiter
1106 930 1472 1010 statuendO,
1540 937 1613 993 ut
1672 930 1835 1016 ipsis
1877 926 2083 994 fabris
2124 947 2323 993 omne
2413 931 2647 993 retium
2694 927 2919 992 deser-

528 1019 740 1084 vitum
786 1015 1066 1104 singulis
1109 1018 1493 1104 septimanis
1539 1037 1679 1096 sem
1766 1038 1799 1082 r
1844 1014 2009 1080 feria
2052 1014 2245 1084 tertia
2286 1037 2369 1080 su
2418 1015 2753 1100 sequentis
2768 1035 2920 1100 sep-

527 1105 816 1172 timanae
876 1114 1028 1170 ante
1090 1103 1432 1170 meridiem
1491 1124 1687 1190 perso
1718 1109 1925 1172 vatur.
2018 1105 2077 1183 ἓ.
2122 1103 2186 1168 2.
2248 1099 2565 1188 Alioquin
2607 1101 2919 1188 inpigno-

529 1213 676 1264 rare
734 1199 1043 1282 poterunt
1100 1200 1358 1270 tantum
1419 1212 1538 1277 pro
1598 1188 1776 1266 illius
1838 1190 2248 1276 septimanae
2310 1196 2377 1255 et
2436 1186 2655 1254 adhue
2712 1189 2922 1252 unius

531 1277 833 1366 proxime
891 1278 1345 1365 praecedentis
1404 1277 1615 1363 pretio
1684 1277 2047 1357 deservit0,
2124 1276 2178 1341 si
2238 1275 2529 1362 ipsorum
2596 1273 2927 1360 magistri,

533 1387 810 1454 quorum
853 1366 1148 1448 interest,
1193 1365 1358 1430 haec
1401 1364 1797 1448 intercipere
1840 1361 2173 1428 noluerint
2218 1370 2281 1428 et
2326 1361 2576 1428 sedare.
2622 1365 2683 1444 ἓ.
2724 1363 2787 1427 3.
2832 1359 2931 1424 Ει

531 1453 710 1518 hunc
769 1451 1120 1518 articulum
1179 1450 1265 1518 ad
1327 1473 1556 1517 omnes
1616 1451 1952 1537 operarios
2016 1450 2336 1514 montium
2398 1470 2544 1514 esse
2610 1447 2927 1514 volumus

521 1537 929 1629 generalem,
991 1547 1063 1613 ut
1119 1547 1376 1613 tantum
1437 1559 1558 1626 pro
1620 1539 1831 1624 pretio
1893 1536 2222 1602 deservito
2287 1535 2566 1622 duarum
2613 1536 2927 1625 septima-

529 1647 769 1693 narum
797 1626 1126 1691 'continue
1153 1623 1704 1712 praecedentium
1749 1624 2018 1693 valeant
2061 1624 2501 1710 inpignorare,
2549 1643 2682 1686 non
2726 1620 2927 1702 alias,

535 1735 733 1800 quam
795 1713 863 1776 in
925 1713 1291 1800 septimana
1349 1713 1647 1798 proxime
1706 1710 2151 1797 subsequenti.
2216 1711 2301 1794 ξ.
2348 1711 2411 1774 4.
2472 1707 2653 1773 Illud
2697 1715 2927 1774 autem

539 1803 624 1869 de
683 1808 901 1865 cetero
962 1799 1342 1867 nullatenus
1402 1797 1851 1880 admittentes,
1908 1805 1983 1864 ιιι
2042 1796 2212 1864 fabri
2276 1795 2382 1862 vel
2430 1795 2921 1870 alii.montium

539 1886 823 1973 operarii
886 1885 1084 1951 alicui
1147 1887 1416 1973 potenti,
1477 1884 1585 1951 vel
1646 1886 1764 1972 qui
1824 1883 2152 1953 solvendo·
2210 1905 2351 1950 non
2411 1891 2511 1948 est
2552 1891 2773 1970 aptus,
2816 1880 2929 1948 vel

539 1975 738 2064 etiam
785 1995 904 2060 suo
951 1975 1185 2058 amico,
1231 1994 1352 2059 per
1394 1981 1695 2058 quartam
1742 1979 1993 2058 partem
2038 1973 2237 2036 unius
2272 1970 2467 2050 anni,
2508 1978 2577 2036 et
2610 1968 2928 2056 'quando-

531 2083 668 2150 que
714 2061 924 2148 magis
969 2069 1086 2127 aut
1127 2061 1346 2127 minus
1389 2067 1780 2146 exspectent
1818 2058 1901 2129 de
1926 2060 2137 2144 pretio·
2178 2057 2529 2138 desei-vito,
2575 2055 2929 2122 credentes

537 2159 698 2217 tunc
763 2143 978 2234 ipsum
1025 2149 1305 2233 pretium
1375 2147 1470 2211 eis
1535 2148 1606 2222 in
1652 2154 1903 2213 certum
1964 2145 2497 2231 inpignoratione
2552 2151 2930 2208 nostrorum

539 2235 856 2301 montium
918 2231 1251 2317 obtinere3
1314 2232 1489 2320 quod
1548 2233 1693 2298 fieri
1751 2253 1883 2298 non
1945 2233 2248 2316 patimur,
2308 2232 2465 2317 quia
2522 2228 2933 2315 negligentia

539 2322 735 2387 unius
759 2320 828 2386 in
854 2320 1214 2407 dampnum
1237 2319 1508 2386 alterius
1531 2318 1904 2394 redundare
1930 2339 2063 2387 non
2086 2317 2308 2384 debet.
2352 2321 2417 2400 §.-
2432 2318 2496 2383 5.
2524 2315 2924 2403 Cujuscum-

421 2435 424 2442 ·
538 2429 668 2496 que
693 2415 912 2475 autem
935 2407 1341 2494 negligentia
1377 2406 1451 2472 fit
1480 2407 1667 2492 justa
1696 2405 2179 2492 impignoratio,
2222 2404 2338 2472 ille
2367 2404 2519 2472 ,suis
2542 2401 2930 2468 conscionis

539 2493 874 2560 tenebitur
917 2516 1112 2560 omne
1157 2495 1539 2578 dampnum,
1586 2491 1762 2581 quod
1806 2493 1963 2561 inde
2024 2491 2469 2574 sustinuerint,
2530 2498 2929 2571 restaurare,

544 2591 610 2648 et
653 2583 967 2668 magister
1009 2583 1250 2647 montis
1293 2579 1542 2646 ibidem
1592 2581 1981 2645 auctoritate
2026 2578 2388 2665 praesentis
2435 2577 2928 2642 constitutionis

542 2690 612 2734 se
679 2667 761 2732 de
819 2668 1124 2734 omnibus
1191 2667 1490 2754 partibus
1537 2668 1696 2749 suis,
1762 2667 2138 2752 ubicunque
2184 2686 2294 2730 eas
2339 2664 2663 2745 habuerit,
2724 2665 2928 2728 intro·

543 2755 776 2832 mittat,
852 2755 933 2820 de
999 2754 1159 2841 ipsis
1220 2763 1356 2822 tam
1416 2753 1642 2835 fabris,
1705 2774 1903 2840 quam
1967 2752 2220 2833 colonis
2252 2795 2255 2802 -
2282 2749 2768 2837 satisfaciendo,
2844 2757 2927 2814 ιιι

541 2861 756 2928 poena
801 2839 1080 2906 docente
1127 2839 1387 2905 discant
1430 2842 1742 2916 universi,
1788 2861 1985 2925 quam
2031 2861 2235 2924 grave
2282 2839 2367 2902 sit
2411 2860 2483 2903 re
2531 2839 2661 2902 iam
2722 2836 2930 2902 offen-

542 2928 698 2996 dere
743 2930 1172 2999 sanctionem.
1262 2931 1323 3010 §-
1369 2929 1436 2992 6..
1495 2926 1680 2994 Idem
1741 2927 1859 2995 fiat
1902 2925 1983 2998 de
2028 2939 2205 2994 nona
2249 2933 2438 3011 parta
2479 2860 2707 2989 fabrili
2770 2924 2925 3006 (sci-

541 3014 716 3098 licet,
764 3036 931 3102 quae
977 3012 1258 3080 cedebat
1299 3015 1461 3098 ipsis
1507 3013 1654 3079 loco
1689 3014 1897 3087 ‚totius
1991 3013 2156 3089 retii,
2204 3012 2320 3076 sed
2358 3013 2499 3098 jam
2546 3021 2648 3076 est
2690 3011 2929 3074 immu-

539 3104 802 3192 tatum),
851 3102 915 3186 ,si
975 3101 1165 3186 cujus
1224 3099 1633 3186 negligentia
1700 3099 1877 3167 facta
1935 3035 2135 3168 {puerit
2194 3098 2661 3184 impignoratio
2722 3118 2932 3182 supra

542 3189 738 3260 dicta.
829 3190 891 3278 ξ.
937 3181 1006 3273 7.,
1042 3187 1367 3252 Volumus
1411 3187 1633 3269 etiam,
1680 3191 1748 3249 in
1793 3186 2265 3254 festivitatibus
2314 3185 2647 3250 consuetis
2694 3181 2928 3266 fabris,

541 3284 614 3341 ut
660 3297 737 3342 eo
783 3275 918 3341 sint
958 3277 1028 3339 in
1074 3272 1414 3343 laboribus
1458 3275 1821 3360 proniores,
1866 3295 2003 3338 non
2044 3273 2115 3338 in
2163 3271 2453 3348 metallo,
2514 3271 2634 3336 sed
2687 3272 2759 3334 in
2806 3269 2925 3334 de-

542 3364 768 3444 narii8‚
827 3361 1006 3428 laute
1070 3360 1211 3426 dari
1269 3359 1526 3448 lapides
1590 3358 1951 3434 manuales.
2039 3362 2099 3441 ξ.
2148 3360 2205 3424 8.
2266 3357 2609 3444 Quidquid
2650 3359 2932 3444 insuper

541 3449 637 3530 eis
683 3451 1160 3531 contrarietatis
1207 3448 1546 3514 emerserit
1590 3455 1707 3522 aut
1750 3445 2065 3528 defectus,
2114 3447 2497 3511 urburarios
2565 3453 2687 3510 aut
2739 3445 2930 3530 jura-

501 3595 508 3604 ,
542 3545 644 3602 tos
689 3535 798 3602 vel
843 3534 1036 3602 simul
1082 3544 1394 3620 utrosque
1454 3557 1576 3621 pro
1638 3555 1716 3600 eo
1776 3535 2115 3614 accedant,
2160 3530 2642 3598 rationabiliter
2688 3533 2931 3596 exhor·

541 3622 765 3699 tando,
810 3631 1135 3708 quatenus
1179 3621 1354 3690 infra
1397 3620 1891 3709 quatuordeeim
1941 3619 2083 3684 dies
2142 3620 2302 3706 ipsis
2347 3640 2579 3684 omnes
2626 3617 2931 3683 defectus

542 3732 694 3776 suos
753 3707 1060 3778 studeant
1106 3709 1494 3791 emendare;
1563 3711 1666 3775 sin
1716 3718 1953 3788 autem,
2002 3705 2181 3792 quod
2224 3704 2352 3770 sibi
2398 3706 2469 3770 in
2516 3704 2686 3784 aliis.
2713 3704 2928 3780 fabris

539 3790 951 3884 provideant,
1015 3817 1166 3866 cum
1225 3797 1354 3883 ipsi
1413 3794 1538 3860 sub
1598 3794 1843 3870 talibus
1888 3791 2262 3859 defectibus
2308 3813 2443 3856 non
2489 3793 2749 3876 possint
2792 3813 2928 3856 am-

540 3883 714 3972 plius
779 3905 904 3948 nec
965 3882 1231 3948 valeant
1296 3880 1617 3946 laborare.
1709 3885 1767 3965 ἓ.
1816 3885 1874 3948 9.
1952 3879 2253 3964 Magistri
2314 3887 2533 3944 autem
2580 3879 2929 3944 fabrorum

543 3980 734 4050 caute
794 3968 920 4047 sibi
985 3967 1382 4056 provideant
1438 3970 1508 4045 in
1568 3967 1694 4034 hac
1756 3975 1959 4054 parte,
2022 3966 2193 4032 tales
2234 3964 2457 4033 fabros
2502 3963 2931 4040 assumendo,

541 4079 660 4149 per
729 4077 897 4144 quos
963 4078 1086 4134 nec
1159 4054 1665 4123 conventiculae
1782 4073 1997 4140 neque
2086 4053 2609 4138 conspirationes
2690 4059 2929 4117 contra

539 4152 832 4210 nostram
909 4139 1385 4228 rempublicam
1469 4105 1801 4228 aliquibus
1889 4138 2489 4218 machinationibus
2575 4137 2931 4205 celebren-

539 4241 680 4316 tur3
761 4231 835 4294 in
881 4229 984 4294 his
1029 4231 1128 4294 sic
1172 4227 1254 4295 de
1299 4237 1516 4296 cetero
1559 4250 1631 4294 se
1677 4226 2013 4311 habentes,
2059 4247 2143 4291 ne
2189 4225 2504 4292 offensam
2550 4246 2923 4313 paucorum
