3150 5017
1407 256 1881 326 ...230-

466 447 567 514 tas
618 434 723 502 vel
772 435 1097 516 civitates,
1142 439 1438 500 castrum
1500 430 1604 496 vel
1673 437 1908 512 castra,
1977 435 2256 504 munitio
2297 433 2405 504 vel
2447 430 2848 508 munitione·

470 544 603 611 qua
667 521 775 588 vel
834 519 1071 608 quibus
1118 520 1467 586 destitutus
1508 525 1728 600 ,esset,
1785 516 1912 584 sibi
1957 521 2088 588 sint
2129 522 2238 594 vel
2283 522 2532 592 fuerint
2565 522 2846 606 integra-

468 612 622 678 liter
665 608 1027 689 restitutae,
1073 606 1197 676 sub
1241 605 1596 693 praedictis
1643 603 2151 676 conditionibus.

635 696 1102 763 Promittantes
1161 694 1233 763 in
1338 713 1459 760 ura
1517 690 1669 773 fide,
1729 691 1908 778 quod
1969 696 2024 762 si
2091 695 2310 763 dictus
2353 696 2662 766 domiuus
2703 691 2844 762 dux

464 785 547 852 N.
596 805 715 872 per
758 781 1042 870 aliquem
1090 780 1197 850 vel
1244 716 1508 868 afiquos
1546 778 1916 864 terrigenas
1935 791 2194 852 nostros
2216 783 2416 850 fuerit
2457 782 2847 870 captivatus,

464 871 572 942 vel
649 869 795 1023 εἰδὲ
832 876 1119 952 castrum
1139 866 1290 1020 tvel
1335 873 1602 1017 costra,f
1635 867 1924 1018 ttaurii-tio
1984 870 2091 973 vel
2151 871 2548 972 munitiones
2610 868 2856 1022 fug-int

686 979 725 1022 a
840 976 1377 1032 ,occuaoresa
1446 975 1632 1022 raea
1743 975 1966 1022 elsco
2330 980 2395 1022 m
2517 977 2638 1022 cen
2741 975 2828 1022 ⁴e

469 980 714 1117 ggbldrlit
755 977 1041 1112 figuliter
1050 978 1192 1129 1,abj
1202 977 1455 1110 udicafi
1480 1049 1546 1106 et
1589 976 2372 1130 patrifatqulblngni'gnbt
2399 979 2596 1131 l‹Illislod
2637 1044 2852 1131 ipsum

470 1133 709 1202 ducem
770 1127 1167 1198 Nicholaum
1221 1128 1608 1216 juvabimus
1653 1127 1936 1196 fideliter
1994 1140 2132 1198 toto
2176 1153 2389 1220 posse,
2453 1138 2524 1200 ut
2567 1152 2610 1196 a
2651 1130 2853 1218 capti·

476 1222 682 1288 vitate
747 1217 1092 1300 liberetur,
1174 1215 1283 1284 vel
1359 1214 1533 1303 quod
1597 1213 1720 1282 sibi
1801 1217 2126 1306 quidquid
2203 1227 2594 1306 occupatum
2638 1216 2856 1298 fuerit,

478 1306 701 1373 valeat
742 1303 1079 1388 rehabere,
1145 1325 1271 1370 nec
1314 1310 1750 1390 occupatores
1795 1303 2056 1372 absolvi
2098 1306 2185 1374 ab
2235 1305 2852 1376 excommunicatio·

462 1394 581 1464 nis
624 1392 891 1459 vinculo
936 1392 1417 1480 permittemus,
1458 1387 1567 1456 vel
1605 1390 1858 1476 gratiae
1899 1404 2164 1462 nostrae
2211 1401 2326 1462 aut
2371 1393 2626 1481 patriae
2669 1390 2856 1460 resti-

471 1493 753 1563 tuemus,
800 1478 1009 1547 donec
1052 1477 1207 1547 duci
1252 1476 1337 1546 de
1378 1476 1565 1544 illata
1603 1478 1850 1565 injuria
1891 1481 1976 1548 sit
2001 1479 2330 1568 condigne
2375 1501 2460 1546 ao
2495 1477 2857 1549 honorifice

478 1567 927 1670 satisfactum3
964 1587 1113 1668 ’nec
1156 1585 1292 1632 non
1352 1563 1654 1717 {itlfluod
1731 1564 1942 1634 eidem
2019 1567 2172 1636 duci
2245 1566 2572 1671 Njcholao
2631 1573 2862 1667 contra

477 1653 1631 1828 mltum-¹1¹2t'matiitgssffs
1653 1660 2867 1812 qiiffi‘iffiq'sszifluisssss'nssffiiffi

481 1839 547 1900 et
592 1831 767 1982 sigit
809 1825 1071 1982 fidessm
1116 1835 1413 1980 nosti-ug:
1460 1825 1837 1894 curabimus
1883 1830 2242 1899 studiosius
2287 1829 2690 1916 dispensare.

718 1925 899 1983 atum
1004 1936 1257 1984 runnae
1302 1936 1339 1980 e
1410 1960 1427 1979 .

1621 2213 1708 2277 80

572 2376 576 2379 ’
672 2406 677 2415 -
752 2350 1067 2436 oblatio
1122 2351 1461 2435 ducatus
1514 2350 1952 2458 opoliensis
1995 2353 2177 2459 regi
2217 2351 2590 2436 Boemiae.

1348 2489 1533 2574 1289,
1589 2489 1693 2556 ιο.
1737 2489 2008 2558 Januar.

694 2649 857 2700 Anno
907 2649 1040 2699 1289
1090 2647 1195 2700 dux
1244 2647 1566 2715 opoliensis,
1621 2648 1944 2714 Kaaimirus,
1979 2643 2298 2702 Wenceslao
2332 2647 2515 2700 heredi
2549 2649 2702 2715 regni
2735 2647 2864 2700 Boe·

494 2721 639 2774 miae
672 2718 895 2786 ejusque
942 2718 1341 2772 suecessoribus
1386 2719 1746 2784 principatum
1794 2727 1848 2771 et
1891 2725 2060 2772 terras
2093 2733 2221 2772 suas
2254 2717 2492 2772 subdidit
2523 2723 2576 2769 et
2609 2717 2867 2781 subinnuit,

490 2794 645 2858 prout
688 2793 948 2840 testantur
994 2787 1211 2852 literae,
1256 2802 1292 2839 a
1343 2787 1592 2838 Pulkava
1643 2789 1699 2838 in
1757 2788 2020 2842 Chronico
2069 2805 2165 2842 suo
2225 2793 2529 2842 asservatae
2575 2792 2630 2840 et
2673 2802 2710 2839 a
2742 2786 2864 2840 Bal·

500 2859 628 2910 bino
672 2859 850 2926 (Misc.
884 2857 1037 2908 VIII.
1074 2872 1125 2924 p.
1164 2857 1301 2924 214.)
1338 2859 1611 2924 repetitae.

674 2994 1029 3080 Magnifice
1054 3003 1119 3060 et
1142 2994 1383 3059 illustri
1407 2995 1716 3070 Domino,
1763 2997 2055 3062 Domino
2083 3019 2220 3079 suo,
2266 2995 2666 3062 Wenceslao
2711 3017 2872 3062 sere-

491 3083 765 3149 nissimo
829 3083 970 3167 regi
1015 3081 1329 3146 Boemiae
1371 3091 1436 3147 et
1480 3079 1842 3148 marchioni
1902 3083 2258 3167 Moraviae,
2319 3081 2685 3149 Casimirus
2744 3082 2872 3149 Dei

612 3169 706 3235 tia
752 3167 890 3233 dux
946 3167 1332 3256 Opuliensis
1399 3177 1464 3234 et
1524 3169 1828 3244 dominus
1891 3171 1958 3236 in
2004 3169 2332 3236 Beuthum
2379 3189 2529 3236 cum
2571 3177 2873 3258 prompta

543 3257 865 3334 evotione·
897 3276 1057 3322 suae
1103 3255 1436 3321 fidelitatis
1482 3257 1822 3322 servitium
1869 3257 2294 3324 indefessum.

670 3343 1161 3410 Cum-naturae
1206 3344 1588 3428 ingeniosae
1634 3344 1908 3410 artificio
1955 3353 2322 3410 creaturam
2351 3365 2537 3410 suam
2581 3363 2876 3409 summus

496 3429 723 3518 opifex
766 3430 835 3494 in
900 3429 1479 3517 propagandarum
1541 3451 1756 3496 rerum
1821 3434 2112 3498 omnium
2174 3432 2431 3518 origine
2475 3431 2698 3518 sicque
2743 3429 2877 3497 for-

496 3517 778 3584 maurit
819 3517 1047 3604 sicque
1093 3517 1509 3603 disposuerit,
1557 3525 1630 3582 ut
1674 3518 2006 3605 quaelibet
2063 3539 2168 3586 res
2227 3519 2490 3584 votivae
2533 3537 2875 3584 conserva·

380 3599 385 3605 ’
494 3605 694 3696 tionis
738 3604 957 3668 locum
1003 3602 1095 3668 ibi
1140 3613 1457 3692 appetant
1499 3604 1725 3691 ibique
1757 3605 2097 3671 auxiliaris
2143 3607 2358 3710 operis
2403 3603 2873 3670 adminiculum

541 3700 843 3774 uaerant,
882 3688 997 3754 ubi
1042 3690 1109 3755 in
1158 3713 1313 3756 suae
1374 3691 1750 3756 stabilitatis
1811 3702 2264 3778 permanentia
2324 3692 2562 3758 melius
2607 3699 2674 3756 et
2717 3690 2876 3756 faci·

548 3799 627 3844 us
664 3791 761 3844 'se
822 3785 1105 3852 tueatur,
1175 3786 1240 3843 et
1298 3779 1616 3844 amititiae
1677 3779 1865 3865 vigor
1925 3782 2022 3845 sic
2063 3782 2136 3845 in
2181 3781 2419 3846 creatis
2465 3800 2618 3844 suas
2663 3787 2880 3844 osten·

498 3866 613 3933 dat
670 3865 1086 3952 propagines,
1154 3885 1237 3930 ne
1305 3864 1583 3930 diversis
1645 3866 2078 3953 potestatibus
2125 3865 2482 3933 mundialis
2529 3863 2874 3931 machinae

500 3953 885 4018 dissidentia
908 3952 1151 4033 veniat,
1198 3960 1267 4017 et
1308 3971 1411 4016 res
1457 3951 1658 4017 rebus
1683 3954 1996 4019 concordi
2031 3954 2341 4042 subjiciat
2387 3954 2666 4020 unione:
2711 3973 2877 4017 mor·

499 4038 731 4106 talium
779 4057 1041 4126 quoque
1086 4038 1398 4122 conditio,
1446 4059 1594 4105 cum
1643 4040 2040 4106 naturalium
2069 4061 2286 4107 rerum
2334 4038 2879 4129 disponsitionem

502 4149 543 4194 a
584 4125 732 4194 Deo
776 4144 1189 4214 progressam
1237 4126 1471 4215 opifice
1516 4148 1650 4193 non
1689 4129 2016 4194 immerito
2063 4130 2265 4194 etiam
2311 4129 2626 4210 imitetur,
2672 4133 2745 4192 ut
2787 4125 2879 4190 ibi

501 4215 809 4280 homines⁴
846 4213 1059 4278 locum
1090 4223 1412 4304 quaerant
1455 4214 1719 4301 refugii,
1764 4213 1877 4279 ubi
1923 4214 2244 4282 auxiliare
2289 4210 2692 4302 praesidium
2735 4212 2878 4280 abs'-

506 4321 635 4391 que
682 4321 799 4389 spe
844 4299 1077 4386 refuga
1142 4299 1475 4368 salubrius
1514 4301 1892 4384 invenitur,
1952 4309 2018 4368 et
2074 4299 2334 4370 illorum
2381 4321 2456 4370 se
2499 4299 2884 4369 submittant
