3150 5017
1314 287 1782 362 ...225-

346 461 895 532 deliberationem
941 460 1557 542 collaudaverimuS,
1595 463 1792 545 juxta
1833 463 2044 548 ipsius
2090 463 2484 542 sententiam
2541 461 2718 528 fina-

352 550 483 616 lem
530 571 729 615 causa
773 551 1028 616 exitum
1074 549 1399 614 sortietur.
2372 609 2383 620 ,

528 639 589 702 5.
639 636 1002 704 Statuimue
1046 636 1261 716 etiam,
1328 634 1502 721 quod
1562 635 1785 700 nullus
1845 635 2009 704 civis
2065 636 2350 725 aliquem
2385 637 2734 723 *proscrip-

350 735 493 790 tum
538 734 653 790 aut
683 722 1002 790 famulum
1036 721 1160 809 'qui
1206 719 1634 808 muntleyt
1678 721 1932 804 dicitur,
1980 722 2048 789 in
2079 725 2225 812 ipsa
2270 723 2538 790 civitate
2582 723 2737 787 Pra-

348 813 541 898 gensi
600 810 825 878 fovere
884 807 1127 875 audeat
1187 807 1292 874 vel
1336 820 1582 890 tenere,
1647 817 1710 874 et
1757 811 1932 895 quod
1999 833 2224 894 omnes
2263 811 2522 898 gladios
2567 810 2733 897 fixu-

347 899 544 982 talea,
588 906 833 980 acutos,
881 897 1164 978 lanceae,
1211 895 1448 962 loricas
1470 904 1534 960 et
1570 895 1704 960 alia
1727 898 2202 986 cujuscumque
2223 899 2483 985 generis
2529 918 2730 972 arma,

353 985 575 1051 nullus
620 987 782 1052 civis
826 993 941 1050 aut
983 981 1269 1050 famulus
1314 980 1421 1048 die
1482 981 1588 1048 vel
1648 991 1840 1050 nocte
1887 985 2054 1053 ferre
2115 990 2356 1053 audeat
2400 985 2507 1049 vel
2553 1005 2734 1068 prae·

352 1083 593 1142 sumat.
1124 1091 1136 1116 ¹

526 1161 585 1226 6.
632 1157 703 1225 Si
764 1159 909 1245 quis
954 1178 1111 1224 vero
1172 1180 1257 1223 ex
1318 1157 1576 1222 civibus
1639 1157 1768 1244 vel⁴
1806 1160 2014 1228 servis
2063 1153 2366 1245 'ipsorum
2425 1159 2496 1224 in
2541 1153 2728 1246 prae·

354 1245 547 1312 dictis
613 1244 906 1311 articulis
984 1242 1090 1310 vel
1156 1243 1640 1332 praedictorum
1709 1243 1928 1332 aliquo
1991 1245 2728 1332 secundumujuscivr

350 1335 505 1399 tatis
570 1332 957 1420 probabitur
1016 1353 1158 1397 esse
1218 1329 1600 1418 culpabilis:
1679 1330 1903 1398 decem
1987 1334 2234 1400 talenta
2309 1332 2728 1398 denariorum

350 1420 561 1498 nobie,
618 1419 833 1506 judici
902 1426 1119 1484 autem
1187 1427 1267 1484 et'
1328 1418 1578 1483 civitati
1647 1419 1936 1507 quinque
2010 1430 2282 1506 cogatur
2350 1419 2546 1506 culpa
2607 1419 2731 1485 sol·

348 1527 507 1574 vere
572 1510 704 1594 pro
786 1506 1067 1578 eadem:
1143 1505 1215 1570 Si
1302 1501 1590 1570 secundo
1667 1506 2054 1592 probabitur
2136 1500 2277 1572 ease
2352 1506 2732 1593 culpabilis,

351 1595 507 1660 XX·
534 1595 783 1660 talenta
827 1594 1242 1659 denariorum
1286 1591 1499 1671 nobie,
1552 1593 1764 1676 judici
1826 1604 2046 1660 autem
2093 1603 2157 1660 et
2203 1595 2453 1659 civitati
2499 1593 2560 1659 X
2605 1593 2733 1658 sol·

352 1703 508 1748 vere
541 1701 685 1747 com
736 1679 989 1746 ellatur.
1036 1679 1105 1746 Si
1150 1681 1362 1758 tertio,
1408 1678 1606 1745 XXX
1652 1679 1916 1747 talentis
1957 1681 2167 1759 nobis,
2207 1681 2418 1768 judici
2464 1689 2530 1746 et
2575 1683 2736 1747 civi·

349 1771 468 1836 tati
511 1771 581 1834 in
626 1769 695 1832 Χ
805 1769 1133 1854 punietur.
1221 1767 1325 1833 Ac
1368 1768 1424 1832 si
1462 1766 1857 1852 probabitur
1915 1791 2056 1834 esse
2102 1767 2452 1854 culpabilis
2500 1777 2738 1856 quarta

350 1859 531 1939 vice,
620 1865 779 1920 tunc
860 1854 1276 1940 adjudicatus
1358 1855 1442 1918 sit
1516 1852 1708 1918 nobis
1792 1854 1988 1921 rebus
2067 1857 2202 1920 suis
2292 1855 2595 1920 omnibus
2671 1863 2736 1922 'et

396 1964 655 2015 creona.
776 2005 783 2014 ,
1835 1976 1843 1984 --
2355 1961 2362 1968 ·

350 1963 393 2032 p
520 2031 583 2096 7.
631 2029 779 2097 Hoc
843 2039 1293 2096 verumtamen
1356 2027 1774 2096 observando
1858 2028 2302 2094 moderamine
2359 2031 2427 2096 in
2479 2051 2730 2117 paupe·

348 2117 531 2184 ribus
576 2117 833 2182 civibus
876 2125 1073 2202 atque
1135 2117 1359 2198 servis,
1409 2117 1521 2202 qui
1566 2117 1636 2181 in
1681 2115 1993 2204 praefatis
2039 2115 2331 2182 articulis
2377 2115 2488 2182 vel
2534 2139 2726 2204 prae-

349 2204 634 2271 fatorum
698 2202 920 2290 aliquo
966 2203 1330 2291 culpabiles
1396 2202 1869 2289 probabuntur,
1916 2197 1991 2270 ut
2035 2203 2101 2268 si·
2137 2205 2284 2289 quis
2331 2224 2420 2269 ex
2463 2205 2560 2270 eie
2607 2215 2740 2272 sta-

348 2301 530 2358 tutae
573 2311 831 2378 poenae
890 2311 1022 2354 non
1086 2291 1322 2378 poterit
1378 2289 1637 2356 solvere
1698 2292 2150 2378 quantitatem,
2195 2298 2357 2355 tunc
2403 2290 2729 2378 praedicti

350 2401 471 2444 sex
506 2378 713 2470 jurati
760 2379 1049 2464 punient,
1082 2399 1229 2444 eum
1278 2378 1448 2442 sicut
1492 2375 1806 2464 expedire
1852 2377 2208 2459 videbitur,
2278 2388 2736 2446 verumtamen

339 2467 638 2551 justitiae
685 2463 1036 2530 mediante.

498 2549 957 2619 ⁴·8.'Volumus
1002 2561 1263 2640 quoque
1309 2561 1505 2639 atque
1568 2553 1862 2638 praecise
1910 2552 2319 2632 mandamuS,
2371 2562 2440 2618 ut
2485 2553 2738 2642 obliga·

336 2641 523 2724 tione
568 2649 632 2705 et
677 2647 892 2725 pact0‚
940 2640 1179 2726 quibus
1227 2662 1295 2705 se
1343 2640 1627 2724 invicem
1674 2639 1782 2705 vel
1824 2661 1972 2704 cum
2022 2638 2170 2704 aliis
2209 2637 2736 2729 quibuscumque

339 2727 723 2814 obligarunt
778 2726 957 2791 cives
1017 2727 1401 2812 Pragense5‚
1450 2727 1588 2792 sive
1635 2725 1902 2792 eaedem
1949 2725 2386 2812 obligationes
2433 2728 2571 2794 fide
2617 2739 2734 2796 aut

330 2818 713 2902 juramento
772 2821 886 2877 aut
929 2811 1166 2878 litteris
1212 2823 1326 2880 aut
1370 2834 1497 2900 quo
1546 2813 1738 2878 modo
1785 2811 1950 2878 libet
1993 2812 2239 2878 fuerint
2278 2814 2586 2895 vallatae,
2636 2837 2734 2880 re·

339 2903 667 2982 nuntient,
715 2921 755 2964 a
801 2898 955 2964 data'
1000 2903 1443 2987 praesentium
1490 2899 1663 2965 infra
1708 2899 2205 2988 quatuordecim
2253 2901 2394 2967 dies
2421 2903 2734 2968 continue

339 2987 807 3068 numerandOS,
854 2986 1332 3075 absolvantque
1366 3009 1434 3052 se
1513 2987 1730 3053 enitus
1775 2987 1860 3052 ab
1887 2985 2136 3052 eisdem
2162 2994 2226 3051 et
2249 2985 2500 3054 litteras
2527 3011 2727 3076 super

338 3076 737 3164 ipsiseditas
760 3073 955 3138 nobis
1000 3076 1451 3160 assignentvin
1482 3096 1555 3138 ra
1602 3073 2098 3160 quatuordecim
2134 3072 2389 3140 dierum
2437 3078 2724 3162 spatium

392 3171 827 3228 raetaxatum.

343 3186 386 3250 p
518 3251 579 3314 9.
621 3248 711 3314 Et
750 3245 835 3312 de
878 3247 1007 3312 hiis
1050 3269 1169 3336 per
1212 3248 1584 3334 praedictos
1615 3268 1735 3312 sex
1750 3248 2008 3333 juratos
2033 3248 2264 3312 moniti
2282 3247 2738 3335 habebuntur3

322 3336 523 3424 .quod
566 3337 623 3400 ei
683 3336 959 3422 primam
1020 3337 1446 3400 monitionem
1514 3356 1646 3399 non
1706 3333 1931 3400 fecerit
1991 3336 2101 3420 qui
2163 3339 2448 3402 monitus
2509 3337 2742 3420 fuerit,

342 3425 412 3489 X
478 3423 729 3488 talenta
797 3420 987 3490 nobis
1010 3470 1029 3505 ,
1112 3431 1177 3487 et
1236 3421 1457 3507 judici·
1516 3431 1579 3487 et
1655 3423 1904 3487 civitati
1965 3423 2258 3508 quinque
2319 3429 2577 3490 solvere
2631 3435 2735 3490 'te-

340 3511 611 3577 nebitur
652 3510 795 3574 sine
842 3530 1055 3593 mora3
1104 3517 1251 3594 post
1296 3510 1674 3592 secundam,
1723 3510 1955 3594 viginti
1999 3508 2208 3590 nobie,
2255 3519 2319 3575 et
2366 3510 2594 3577 decem
2639 3521 2739 3578 ta-

340 3599 527 3664 lenta
591 3595 805 3661 solvet
870 3595 1114 3681 judici·
1167 3603 1232 3660 et
1308 3597 1503 3661 etiam
1583 3597 1866 3676 civitati3
1946 3605 2096 3682 post
2154 3599 2414 3662 tertiam
2493 3600 2562 3663 in
2593 3599 2743 3663 'tri-

341 3685 529 3771 ginta
575 3682 763 3750 nobis
826 3691 890 3746 et
949 3685 1017 3748 in
1080 3682 1453 3770 quindecim
1491 3683 1704 3768 judici
1767 3693 1830 3748 et
1875 3685 2126 3749 civitati
2173 3684 2420 3750 multae
2467 3687 2740 3751 nomine

343 3773 693 3858 punietur3
740 3789 820 3835 ac
864 3770 919 3833 si
1010 3781 1113 3834 ost
1151 3779 1450 3856 quartam
1476 3771 1898 3835 monitionem
1945 3791 2078 3835 non
2125 3773 2424 3839 curaveri
2465 3772 2737 3850 tfacere,

343 3869 503 3923 tunc
547 3855 741 3921 nobis
784 3855 945 3944 adju
993 3859 1205 3925 icatue
1248 3858 1333 3922 eit
1376 3857 1571 3922 rebus
1621 3858 1861 3942 pariter
1905 3867 1970 3923 et
2016 3879 2317 3944 persona.

418 3977 425 3992 ·
521 3946 621 4009 10.
668 3943 1027 4009 statuimus
1066 3946 1281 4026 etiam,
1332 3945 1507 4030 quod
1552 3943 1607 4006 si
1653 3943 1971 4008 tumultus
2018 3945 2256 4032 aliquis
2303 3946 2580 4013 bellicus
2609 3969 2732 4014 ex·

342 4034 582 4099 citatus
626 4029 825 4096 fuerit
866 4033 935 4096 in
969 4032 1267 4112 civitate,
1315 4032 1400 4096 ad
1461 4049 1655 4117 quem
1717 4031 1956 4120 aliquis
2015 4041 2278 4118 praeter
2341 4034 2728 4102 mandatum

302 4117 667 4184 ‘dictorum
730 4137 849 4182 sex
897 4119 1267 4204 juratorum
1327 4126 1617 4183 armatus
1677 4118 2055 4200 cucurrerit,
2111 4119 2292 4184 ide‘m
2358 4121 2583 4188 decem
2629 4132 2727 4189 ta-

343 4207 525 4274 lenta
570 4203 779 4286 nobis,
823 4212 893 4270 >et
938 4208 1226 4293 quinque
1262 4206 1479 4291 judici
1524 4213 1591 4269 et
1635 4207 1884 4272 civitati
1916 4229 2032 4290 pro
2065 4207 2364 4294 qualibet
2404 4211 2548 4277 vice
2595 4211 2720 4276 sol·

345 4303 474 4360 vet.
522 4291 593 4357 Si
638 4301 861 4357 autem
904 4294 1337 4362 solverenon
1366 4293 1620 4378 poterit,
1667 4303 1826 4359 tunc
1850 4295 2172 4380 praedicti
2219 4317 2336 4450 321
2351 4298 2559 4384 jurati
2605 4320 2724 4385 pu-

448 4396 709 4441 ‚ltreeekz
739 4395 904 4438 Codex.
937 4398 969 4436 1.
