3150 5017
501 2640 516 2734 Ι

1515 321 1949 384 ..7οψ

713 498 771 575 ἓ.
819 494 877 557 7.
923 491 1160 558 Nullus
1198 492 1354 556 zok
1401 491 1683 578 aliquem
1718 501 1985 557 accuset
2012 492 2140 556 nisi
2166 499 2341 556 certo
2386 490 2509 554 sub
2542 489 2919 556 testimonio

537 580 903 645 vicinorum
949 585 1204 645 constet
1247 579 1330 642 de
1373 580 1649 658 damno;
1695 587 1763 643 et
1807 579 1861 642 si
1906 578 2105 644 fuerit
2146 579 2274 642 zok
2342 579 2680 642 convictus
2732 576 2919 639 testi·

549 667 768 732 monio
814 664 937 730 fori
983 667 1366 748 communis,
1412 664 1762 750 lapidetur.

711 756 775 834 ξ.
823 753 883 817 8.
933 748 1216 832 Quando
1259 751 1498 836 aliquis
1532 749 1853 836 judicium
1902 771 2113 836 aquae
2158 749 2351 815 debet
2396 749 2651 832 subire,
2703 747 2925 814 nullus

540 859 689 904 eum
731 840 800 902 in
825 859 1062 924 aquam
1112 837 1396 901 dimittat
1437 839 1563 902 nisi
1604 835 1907 902 sacerdos
1942 845 2007 902 et
2031 837 2175 922 ejus
2200 843 2615 921 cooperatort,
2662 838 2721 901 si
2748 835 2928 901 Deus

532 925 786 1012 juverit
829 946 996 1000 eum,
1034 925 1244 1010 judici
1293 923 1405 988 det
1447 922 1611 1004 duos
1656 923 1961 988 denarios
2008 931 2081 987 ut
2124 923 2445 987 sacerdoti
2468 922 2671 1000 XIV3
2720 922 2781 985 si
2812 941 2927 984 nu·

543 1011 819 1076 daverit.
843 1032 914 1076 se
957 1018 1023 1075 et
1056 1009 1384 1096 judicium
1429 1009 1715 1074 noluerit
1780 1009 2036 1092 subire,
2106 1007 2321 1074 solvat
2387 1007 2734 1095 capellano
2796 1003 2929 1072 VII

543 1097 851 1163 denarios
897 1106 964 1162 et
1005 1095 1267 1161 vetulae
1313 1096 1497 1161 duos.

717 1187 780 1265 ξ.
828 1183 892 1248 9.
937 1182 1010 1248 Si
1055 1182 1293 1268 aliquis
1337 1181 1581 1248 nobilis
1625 1181 1730 1247 vir
1772 1189 1841 1247 et
1896 1201 2029 1247 non
2092 1180 2362 1246 druho
2422 1201 2619 1268 super
2675 1201 2753 1245 se
2818 1177 2929 1241 ha-

545 1267 765 1334 buerit
807 1270 1120 1350 narok,
1165 1290 1332 1355 puer
1371 1291 1492 1356 pro
1536 1269 1683 1355 ipso
1730 1266 1962 1333 subeat
1998 1266 2320 1354 judicium
2347 1315 2365 1350 ‚
2426 1277 2493 1332 et
2552 1267 2608 1332 si
2651 1287 2793 1331 non
2838 1263 2929 1326 fu-

544 1356 668 1420 erit
711 1355 998 1442 adiutus,
1044 1354 1262 1420 solvat
1309 1375 1426 1441 pro
1471 1375 1549 1420 eo
1596 1354 1709 1420 CO
1756 1353 2077 1420 denarios.

720 1447 782 1524 ξ.
837 1443 934 1506 10.
983 1439 1266 1522 Quando
1313 1440 1574 1506 ducitur
1638 1439 1814 1526 quod
1861 1440 2103 1505 dicitur
2150 1441 2385 1523 nand,
2446 1438 2645 1505 debet
2700 1436 2933 1502 adesse

549 1527 893 1593 castellani
935 1529 1227 1606 nuntius,
1263 1528 1513 1613 judicis
1559 1536 1627 1592 et
1667 1525 1873 1592 villici
1922 1535 1991 1592 et
2032 1528 2405 1607 camerarii,
2467 1536 2533 1590 et
2588 1546 2767 1590 unus
2829 1519 2933 1586 vel

551 1613 682 1680 duo
729 1613 811 1678 de
855 1615 1148 1677 vicinatu
1195 1612 1328 1695 illo,
1375 1623 1442 1679 et
1485 1612 1659 1677 ultra
1701 1624 1843 1698 tres
1880 1634 2013 1678 non
2058 1612 2377 1695 ducatur,
2434 1613 2550 1676 sed
2606 1613 2676 1676 in
2740 1609 2931 1675 tertio

549 1707 922 1780 remaneat3
968 1709 1034 1764 et
1075 1700 1128 1762 si
1173 1689 1941 1796 convictusssfierissQC
1986 1701 2055 1762 in
2102 1693 2430 1765 cameram
2477 1698 2653 1784 regis
2698 1695 2933 1761 reddat

553 1784 860 1850 denarios
905 1793 969 1849 et
1012 1783 1111 1849 illi
1157 1787 1270 1870 qui
1315 1786 1554 1850 dicitur
1597 1808 1641 1872 p
1662 1806 1833 1850 οπο
1860 1784 1935 1867 (1,
1983 1785 2356 1851 satisfaciat.

731 1875 793 1952 ξ.
844 1871 944 1935 11.
993 1869 1061 1934 Si
1108 1873 1256 1957 quis
1301 1892 1524 1958 equos,
1571 1891 1774 1957 equas
1818 1873 1927 1938 vel
1970 1871 2209 1954 boves,
2269 1895 2313 1937 v
2356 1871 2667 1938 ccas·.vel
2714 1867 2932 1952 aliqua

551 1958 803 2044 majora
846 1956 1280 2040 subtraxerit,
1342 1959 1673 2044 quantitas
1719 1957 1944 2024 damni
1990 1960 2373 2025 aestimetur
2414 1956 2535 2022 sub
2564 1966 2769 2031 rcerta
2808 1952 2933 2017 fide

549 2051 616 2110 et
634 2053 1042 2109 sacramento
1058 2065 1302 2127 eorum,
1348 2044 1588 2130 quibus
1625 2045 1996 2130 jurisdictio
2040 2055 2142 2110 est
2186 2047 2553 2127 commissa,
2598 2053 2664 2108 et
2710 2060 2930 2107 secun-

553 2131 708 2196 dum
754 2129 878 2196 hoc
921 2139 1334 2197 accusatores
1379 2130 1826 2197 admittantur.

722 2221 786 2298 ξ.
835 2217 932 2282 12.
953 2217 1145 2317 ‘Item
1218 2216 1396 2283 fures
1461 2238 1612 2282 cum
1680 2218 1874 2283 sociis
1932 2226 1997 2283 et
2062 2215 2431 2282 fautoribus
2498 2237 2731 2283 eorum
2794 2209 2928 2299 pari

551 2325 778 2470 powg.
810 2311 1184 2453 tiglnssllltdld·
1229 2390 1426 2454 etiam
1485 2389 1662 2475 quod
1721 2389 1961 2454 dicitur
2017 2387 2311 2454 zlubni
2374 2387 2564 2470 aud,
2594 2353 2911 2452 'habeant

549 2475 722 2539 inter
765 2495 836 2538 se
880 2472 1087 2539 libere
1130 2482 1197 2540 et
1238 2473 1569 2558 absolute3
1618 2474 1867 2540 scilicet
1910 2474 1993 2541 de
2036 2497 2237 2563 capra
2280 2482 2346 2539 et
2387 2496 2511 2541 ove
2570 2482 2637 2539 et
2698 2469 2925 2538 ceteris

553 2559 951 2647 hujusmodi,
1059 2569 1272 2626 raeter
1331 2583 1621 2644 vaccam,
1689 2561 1926 2626 bovem
1988 2582 2223 2649 equum
2272 2568 2618 2646 ceteraque
2662 2558 2928 2645 majora.

727 2649 786 2727 ξ.
841 2645 937 2710 14.
983 2583 1056 2712 ὃς
1100 2645 1570 2712 subtrahuntur
1612 2647 1871 2734 aliquae
1914 2668 2040 2731 res,
2116 2648 2341 2712 allium
2374 2658 2489 2712 aut
2512 2645 2769 2732 aliquid
2790 2641 2929 2713 tale,

553 2731 679 2796 hoc
704 2731 940 2799 ,curiae
984 2754 1115 2796 non
1159 2733 1550 2810 notificetur,
1594 2733 1711 2798 sed
1754 2735 1807 2799 si
1852 2734 1972 2799 bos
1998 2755 2075 2800 ve
2115 2737 2487 2821 jumentum
2514 2731 2927 2805 subtrahitur,

553 2819 770 2884 curiae
813 2817 1201 2883 notificetur.

728 2908 790 2987 ξ.
840 2903 938 2969 15.
983 2905 1073 2969 Et
1116 2903 1378 2990 quando
1423 2904 1661 2992 aliquis
1705 2905 2091 2971 vulneratur
2133 2908 2217 2974 de
2261 2905 2403 2971 foro
2446 2904 2801 2985 veniendo,
2832 2894 2928 2964 vel

557 2990 733 3072 alibi,
783 2990 1156 3056 notificetur
1199 2994 1439 3055 curiae.

730 3080 791 3159 §-
844 3077 944 3140 16.
989 3077 1153 3140 Item
1200 3075 1461 3162 quando
1508 3075 1747 3164 aliquis
1790 3076 2031 3143 nobilis
2091 3079 2195 3143 vir
2238 3078 2499 3163 capitur
2538 3077 2609 3141 in
2655 3075 2831 3142 furto
2872 3075 2930 3134 et

557 3161 982 3246 suspenditur
1023 3171 1089 3226 et
1133 3163 1265 3226 non
1309 3161 1509 3228 habet
1549 3163 1820 3250 prolem,
1890 3163 2217 3229 hereditas
2275 3165 2483 3250 ipsius
2541 3163 2679 3247 regi
2724 3157 2925 3234 cedat,

557 3257 624 3313 et
669 3249 725 3312 si
769 3245 1010 3333 aliquis
1055 3249 1311 3334 capitur
1353 3249 1420 3313 in
1471 3249 1815 3316 manifesto
1860 3249 2055 3333 farte,
2079 3272 2247 3316 uxor
2290 3251 2433 3336 ejus
2452 3248 2651 3316 habet
2679 3245 2925 3314 tertiam

603 3341 829 3398 artem.

555 3356 600 3421 P
730 3421 788 3500 ξ.
836 3418 934 3483 1¹1.
981 3418 1372 3506 Quicunque
1430 3421 1670 3487 nobilis
1732 3421 1838 3487 vel
1898 3423 2184 3487 rusticus
2246 3421 2558 3488 occiderit
2614 3419 2915 3506 aliquem,

557 3503 674 3572 00
720 3504 1024 3569 denarios
1069 3504 1281 3570 solvat
1323 3508 1542 3572 curiae
1588 3516 1653 3572 et
1696 3506 1859 3571 alias
1900 3506 2168 3573 recedat
2216 3517 2281 3574 et
2324 3515 2601 3594 quaerat
2625 3506 2915 3591 gratiam,

559 3599 627 3658 et
685 3611 854 3656 uxor
893 3612 1014 3655 sua
1055 3591 1125 3655 in
1170 3613 1332 3678 pace
1375 3594 1603 3658 sedeat
1646 3601 1710 3657 et
1753 3593 2099 3659 indemnis.

733 3680 794 3759 ξ.
843 3676 943 3742 18.
989 3675 1062 3742 Si
1105 3679 1250 3762 quis
1292 3699 1428 3743 non
1471 3677 1774 3743 habuerit
1816 3679 1987 3744 filios
2030 3680 2137 3745 vel
2182 3680 2391 3745 filium
2436 3689 2503 3746 et
2538 3677 2709 3744 filias
2735 3673 2923 3739 habu·

559 3764 700 3836 erit,
769 3761 854 3828 ad
912 3761 1062 3828 illas
1123 3763 1430 3830 deveniat
1471 3764 1804 3830 hereditas
1848 3787 1925 3830 ae
1972 3767 2243 3852 ualiter3
2289 3776 2355 3832 et
2398 3768 2455 3830 si
2498 3786 2632 3830 non
2676 3760 2922 3835 fuerint,

560 3847 886 3913 hereditas
933 3847 1238 3915 deveniat
1283 3850 1368 3914 ad
1411 3852 1747 3935 proximos
1792 3852 1947 3916 here
1996 3873 2088 3918 es.
2174 3895 2201 3921 v

735 3937 794 4015 ξ.
846 3935 948 4000 19.
995 3935 1064 4000 Si
1109 3936 1308 4001 alicui
1353 3935 1828 4002 subtrahuntur
1863 3939 2187 4032 jnmenta‚
2213 3946 2329 4004 aut
2370 3937 2634 4043 famuli(
2649 3956 2807 4023 apes
2834 3929 2921 3994 fu·

563 4027 814 4100 rantur,
863 4018 1056 4087 debet
1100 4023 1318 4088 subire
1353 4021 1680 4108 judicium
1728 4024 1906 4107 ferri,
1952 4024 2205 4091 scilicet
2248 4045 2565 4092 vomeres.

738 4110 797 4186 §-
842 4107 946 4172 20.
990 4108 1270 4193 Insuper
1289 4110 1514 4195 siquis
1559 4109 1879 4197 spoliatus
1924 4111 2121 4178 fuerit
2162 4134 2282 4199 per
2322 4109 2637 4194 wiboy,
2684 4104 2921 4176 incuset

565 4210 727 4275 quos
769 4190 928 4274 vult,
973 4202 1040 4259 et
1083 4193 1164 4260 de
1210 4195 1550 4261 hirdozt
1594 4199 1887 4264 nominet
1932 4219 2095 4284 quos
2112 4199 2272 4279 vult,
2319 4205 2383 4263 et
2426 4197 2741 4283 antiquae
2784 4205 2919 4256 con·

565 4276 941 4346 suetudines
987 4290 1467 4348 conserventur.
