3150 5017
1522 300 1996 363 —186—

776 467 1044 535 Rndolphi
1077 469 1263 521 literae
1310 484 1469 536 snper
1513 468 1616 521 hoc
1671 469 1945 522 confectae
1977 472 2037 519 in
2083 484 2130 520 c.
2167 482 2210 521 r.
2247 468 2463 520 archivo
2509 467 2682 520 aulico
2723 468 2896 519 Vindo-

571 538 745 590 bonae
781 544 1135 591 asservantur.

742 638 1135 726 Rudolphus
1180 639 1307 703 Dei
1352 639 1566 723 gratia
1610 639 2055 705 Rornanorum
2101 661 2220 706 rex
2285 660 2544 725 semper
2587 645 2892 723 augustus.

740 724 1085 791 Universis
1131 725 1301 790 sacri
1342 725 1627 789 Romani
1669 726 1932 813 imperii
1975 724 2287 790 fidelibus
2353 734 2730 812 praesentes
2781 724 2897 789 lite·

565 832 674 877 ras
715 813 1136 897 inspecturis,
1182 812 1463 896 gratiam
1508 834 1697 876 suam
1745 823 1810 877 et
1859 834 2048 877 omne
2096 812 2362 877 bonum.

734 898 992 963 Tenore
1058 899 1504 983 praesentium
1586 901 2148 983 recognoscimus,
2207 897 2472 986 publice
2532 896 2893 983 profitentes,

566 982 743 1069 quod
803 1005 925 1049 nos
990 982 1314 1048 illustrem
1384 982 1770 1049 Ottacarum
1831 984 2188 1049 Bohemiae
2246 1006 2502 1069 regem,
2571 982 2898 1069 principem

560 1079 856 1136 nostrum
900 1068 1373 1148 charissimum,
1422 1068 1503 1135 de
1548 1092 1751 1155 regno
1797 1070 2157 1135 Bohemiae
2218 1072 2488 1155 suisque
2547 1066 2895 1147 attinentiis,

566 1177 693 1221 nec
738 1178 871 1220 non
918 1154 999 1220 de
1045 1156 1498 1222 marchionatu
1544 1156 1900 1237 Moraviae,
1945 1157 2310 1242 ceterisque
2370 1154 2696 1232 omnibus,
2759 1172 2897 1239 quae

564 1265 606 1306 a
649 1240 840 1307 nobis
886 1250 951 1306 et
996 1243 1268 1328 imperio
1315 1244 1384 1307 in
1427 1241 1701 1307 feudum
1746 1240 2044 1308 obtinere
2091 1244 2172 1308 de
2205 1244 2362 1329 jure
2406 1241 2780 1321 dinoscitur,
2839 1258 2904 1301 ex

566 1328 771 1412 regali
848 1327 1165 1412 dignitate
1240 1339 1560 1393 consueta
1625 1325 2038 1410 investimus,
2099 1350 2179 1394 ac
2245 1327 2458 1393 eidem
2524 1326 2900 1413 principatus

564 1412 939 1499 praedictos
986 1436 1132 1478 cum
1181 1412 1488 1481 omnibus
1532 1415 1828 1501 ipsorum
1873 1413 2256 1480 obtinentiis
2303 1413 2616 1478 duximus
2661 1430 2899 1477 concen-

564 1499 817 1568 dendos
862 1520 902 1563 a
944 1498 1135 1566 nobis
1181 1509 1245 1565 et
1288 1501 1563 1586 imperio
1612 1506 1679 1565 in
1723 1500 1990 1565 feodum
2035 1508 2357 1587 perpetuo
2404 1498 2836 1565 obtinendum.

735 1586 815 1650 In
861 1585 1049 1670 cujus
1109 1587 1205 1650 rei
1264 1588 1711 1651 testimonium
1776 1608 2092 1672 praesens
2180 1587 2495 1673 scriptum
2565 1580 2900 1670 Majestatis

569 1679 832 1736 nostrae
880 1669 1096 1755 sigillo
1132 1672 1459 1757 jussimus
1505 1674 1924 1742 communiri.

736 1756 986 1820 Datum
1053 1757 1121 1820 in
1190 1759 1421 1822 castris
1488 1769 1642 1825 ante
1685 1758 2038 1839 Viennam,
2101 1758 2233 1825 VII
2275 1756 2618 1823 Kalendas
2659 1754 2902 1820 Decem-

562 1840 721 1925 bris,
786 1841 1158 1908 Indictione
1218 1844 1321 1919 V„
1386 1844 1584 1910 Anno
1644 1844 1918 1911 Domini
1960 1842 2462 1927 MOCLXXVI,
2534 1843 2721 1929 regni
2769 1859 2898 1906 vero

565 1930 777 1994 nostri
821 1950 995 1994 anno
1041 1928 1157 1995 IV.

1709 2274 1812 2338 67.

691 2408 1067 2513 Depactio
1120 2408 1335 2493 inter
1385 2408 1885 2517 Rudolphum
1939 2416 2022 2495 et
2075 2411 2496 2497 Otacarum
2549 2412 2788 2494 facta.

1502 2554 1688 2625 1277,
1735 2551 1794 2616 6.
1839 2548 2022 2636 Maji.

768 2718 970 2769 Eodem
1008 2718 1095 2769 die
1130 2734 1233 2785 quo
1269 2721 1533 2773 Otacarus
1576 2739 1670 2773 rex
1720 2737 1755 2774 a
1802 2722 2086 2790 Rudolpho
2129 2725 2222 2774 in·
2238 2726 2426 2777 castris
2474 2737 2642 2792 prope
2676 2724 2905 2775 Viennam

564 2801 723 2853 super
756 2802 918 2853 regno
954 2788 1207 2840 Boemiae
1254 2796 1412 2855 atque
1463 2792 1834 2844 marchionatu
1881 2793 2157 2844 Moraviae
2204 2799 2283 2845 est
2328 2795 2613 2845 investitus
2630 2830 2645 2860 ,
2693 2792 2783 2857 qui
2821 2788 2909 2839 dies

562 2857 665 2907 fuit
682 2856 775 2909 VI.
814 2862 938 2909 ante
976 2856 1092 2908 Cal.
1129 2858 1258 2909 Dec.
1296 2874 1347 2909 a.
1387 2862 1537 2925 12⁷6,
1572 2863 1723 2927 pacis
1759 2875 1970 2927 quoque
2003 2863 2200 2927 pactio,
2237 2878 2373 2929 quae
2400 2863 2516 2928 jam
2553 2862 2652 2913 x1.
2671 2865 2792 2911 ante
2819 2854 2908 2909 Cal·

560 2926 691 2977 Dec.
726 2926 865 2976 inter
897 2931 1177 2992 utrumque
1212 2944 1390 2993 regem
1426 2936 1766 2998 convenerat,
1805 2930 2117 2983 confirmata
2144 2937 2239 2983 est.
2290 2932 2474 2997 Neque
2507 2936 2691 2983 tamen
2724 2928 2780 2979 id
2811 2938 2906 2993 psc-

558 3000 675 3045 tum
709 2994 1017 3045 diuturnum
1054 2995 1170 3060 fnit,
1207 2998 1405 3063 quippe
1439 3013 1560 3049 cum
1605 2998 1724 3063 jam
1777 3014 1918 3051 anno
1971 3006 2093 3067 post
2145 3000 2282 3051 alius
2328 3002 2594 3067 pactionis
2652 2997 2909 3050 necessitas

561 3068 743 3114 exorta
778 3068 877 3129 est,
928 3079 1088 3129 quam
1124 3081 1235 3116 rem
1271 3082 1304 3116 a
1338 3066 1621 3133 Rudolpho
1657 3068 1960 3120 Fridericus
1996 3070 2318 3135 burgravius
2352 3067 2829 3135 Norimbergensis‚
2859 3059 2910 3112 sb

562 3131 790 3183 Otacaro
824 3133 1004 3183 Bruno
1041 3135 1319 3200 episcopus
1355 3134 1745 3199 olomucensis,
1783 3136 1916 3187 Smil
1953 3154 1986 3189 a
2021 3139 2246 3190 Bielkov
2279 3143 2440 3203 atque
2491 3139 2707 3190 Ulrieus
2753 3144 2909 3185 canco-

560 3200 725 3254 larius
737 3205 1123 3267 transegerunt.
1160 3203 1313 3265 Quod
1329 3210 1546 3269 pactum
1570 3205 1657 3256 die
1692 3205 1784 3257 VI.
1819 3208 1986 3273 pridie
2020 3208 2202 3259 Nonas
2237 3208 2410 3274 Majas
2435 3210 2570 3259 1277
2595 3204 2908 3259 vindobonae

558 3271 926 3326 confirmatum
961 3280 1058 3327 est.

834 3344 967 3409 EJUS
980 3342 1123 3411 pacti
1138 3348 1509 3407 argumentum
1527 3342 1597 3394 ad
1618 3346 1918 3408 exemplum
1952 3345 2363 3398 vindobonense
2379 3351 2439 3396 ut
2471 3346 2531 3395 in
2566 3342 2762 3396 Pei-tzii
2794 3340 2912 3392 uon.

562 3412 659 3465 IV.
695 3428 797 3464 nec
830 3430 941 3465 non
976 3416 1118 3482 apud
1162 3412 1489 3464 Boczekium
1534 3414 1595 3463 in
1631 3411 1763 3464 Cod.
1801 3415 1929 3481 dipl.
1965 3415 2100 3467 Mor.
2153 3414 2246 3467 IV.
2287 3416 2386 3466 139
2423 3419 2476 3466 et
2513 3415 2618 3465 140
2652 3410 2812 3465 literis
2844 3420 2912 3456 οἳ·

563 3481 819 3549 scriptum
857 3487 953 3546 est,
989 3485 1314 3537 exhibemus.

729 3636 867 3702 Nos
906 3636 1322 3719 Ottacharus,
1367 3636 1497 3702 Dei
1540 3656 1687 3721 gra·-
1970 3636 2108 3702 Nos
2153 3634 2563 3721 Rudolphus,
2609 3635 2739 3700 Dei
2781 3650 2904 3717 gra-

555 3725 651 3789 tia
706 3723 1018 3789 Boemiae
1063 3745 1199 3807 rex,
1246 3731 1476 3788 notum
1522 3722 1685 3786 faci·
1786 3724 1878 3788 tia
1933 3723 2380 3788 Romanorum
2463 3744 2583 3787 rex
2687 3736 2916 3803 semper

556 3832 702 3876 mus
746 3810 1073 3875 universis
1118 3817 1495 3897 praesentes
1541 3808 1684 3873 lite·
1792 3817 2128 3893 augustus,
2177 3817 2406 3874 notum
2451 3808 2732 3873 facimus
2791 3801 2913 3869 uni-

557 3916 664 3960 ras
709 3897 1127 3983 inspecturis,
1188 3896 1574 3982 simpliciter
1619 3902 1683 3960 et
1789 3896 2022 3975 versis,
2089 3903 2476 3981 praesentes
2544 3894 2766 3959 literas
2828 3892 2908 3953 in-

555 3980 820 4066 publice
844 3981 1270 4047 nihilominus
1287 3982 1688 4069 profitentes,
1792 3983 2135 4066 spectaris,
2177 3980 2564 4067 simpliciter
2587 3990 2652 4046 et
2676 3975 2910 4066 publice

557 4066 734 4152 quod
790 4066 1065 4133 formam
1126 4069 1310 4155 pacis
1370 4069 1543 4133 inter
1587 4088 1687 4132 se·
1789 4067 2220 4133 nihilominus
2288 4067 2691 4154 profitentes,
2760 4055 2910 4150 quod

553 4153 971 4219 renissimum
1017 4154 1352 4220 dominum
1388 4163 1686 4220 nostrum
1790 4153 2066 4219 formam
2140 4156 2324 4240 pacis
2409 4155 2584 4219 inter
2661 4172 2780 4216 nos
2843 4164 2909 4211 ex

557 4238 662 4304 Ru
676 4237 985 4326 dolphum
1062 4240 1383 4311 illustrem
1441 4242 1684 4309 Roma·
1789 4260 1926 4308 una
1967 4249 2036 4310 et
2078 4240 2401 4326 inclytum
2440 4239 2795 4307 Otacarum
2837 4250 2911 4299 re·
