3150 5017
1414 302 1499 315 —
1595 264 1896 331 124-

453 440 667 525 gratia
726 438 1013 526 speciali,
1086 447 1159 504 ut
1218 438 1582 504 ferventius
1639 439 1880 504 nostris
1951 438 2258 504 insistant
2313 436 2620 518 servitiis,
2684 434 2852 499 dum

456 526 749 592 favorem
796 535 1093 591 nostrum
1144 524 1644 590 sibi'senserint
1688 526 1972 591 affuisse.

626 628 802 695 Hinc
846 640 961 710 est,
1023 628 1198 714 quod
1256 630 1568 717 inspectis
1633 629 2028 695 sinceritatis
2073 638 2223 693 tuae
2293 626 2594 708 servitiis,
2667 645 2852 712 quae

456 715 648 783 nobis
690 717 759 781 in
806 718 1123 782 ecclesiae
1170 725 1431 781 nostrae
1476 715 1978 781 necessitatibus
2021 725 2088 780 et
2109 712 2503 779 utilitatibus
2525 734 2660 778 non
2695 733 2855 799 par-

456 802 666 869 cendo
713 802 907 868 rebus
954 812 1019 867 et
1062 823 1399 887 personae,
1450 804 1965 891 promptitudine
2011 811 2196 887 grata
2232 803 2372 887 jam
2436 799 2685 865 diutius
2750 800 2856 862 in-

456 889 737 977 pendisti
808 898 871 954 et
937 889 1241 955 intendas
1302 890 1370 954 in
1430 888 1805 975 hujusmodi
1875 890 2224 977 persistere
2285 888 2568 953 servitiis
2631 888 2854 951 inces-

457 986 711 1043 santer:
758 977 1067 1063 quoniam
1115 998 1269 1061 ergo
1314 978 1383 1041 in
1431 979 1640 1064 primo
1686 977 1954 1043 introitu
1986 976 2402 1061 episcopatus
2425 974 2654 1055 nostri,
2693 994 2857 1037 cum

403 1082 405 1084 ’
457 1065 851 1129 intraremus
898 1064 1283 1145 Moraviam,
1345 1073 1409 1128 te
1469 1064 1537 1128 in
1586 1064 1926 1149 cujusdam
1973 1061 2172 1127 villae
2231 1060 2646 1147 possessione
2711 1058 2857 1123 dic-

458 1161 563 1216 tae
608 1150 875 1231 Hirsitz,
923 1171 1091 1236 quae
1116 1160 1261 1215 octo
1285 1149 1511 1215 laneos
1558 1150 1830 1232 obtinet,
1876 1151 2251 1215 invenimus
2301 1158 2366 1213 et
2411 1146 2688 1212 eandem
2726 1143 2857 1210 vil-

457 1236 588 1301 lam
634 1237 977 1301 ostendisti
1020 1258 1137 1323 per
1181 1236 1516 1302 sufficiens
1534 1238 1999 1303 documentum
2035 1245 2098 1301 te
2129 1234 2606 1301 rationabiliter
2638 1233 2860 1320 possi·

460 1324 648 1388 dere:
710 1344 829 1387 nos
875 1322 994 1388 tibi
1040 1325 1154 1410 qui
1199 1334 1262 1390 te
1311 1334 1442 1389 tam
1489 1324 1644 1389 fidei
1689 1326 1993 1411 puritate,
2041 1344 2238 1410 quam
2263 1322 2678 1387 servitiorum
2704 1321 2860 1384 exi-

456 1411 681 1495 gentia
726 1408 1171 1475 retributionis
1264 1412 1508 1476 raemio
1556 1411 1829 1497 dignum
1893 1410 2132 1486 reddis,
2197 1408 2430 1473 damus
2491 1418 2556 1473 et
2617 1406 2882 1475 confe-.

457 1496 661 1562 rimus
708 1496 1065 1563 liberaliter
1112 1507 1177 1562 et
1261 1497 1518 1562 ibenter
1576 1500 1644 1562 in
1705 1496 1992 1576 feodum,
2055 1495 2327 1581 capituli
2394 1496 2598 1561 nostri
2663 1515 2859 1559 acce·

461 1582 655 1649 dente
703 1604 1050 1661 consensU,
1095 1582 1499 1670 praedictam
1546 1583 1773 1649 villam
1797 1584 1864 1649 in
1911 1584 2160 1664 Hirsita
2227 1604 2374 1647 cum
2423 1591 2568 1648 octo
2611 1580 2863 1664 laneis,

460 1691 607 1735 cum
660 1670 970 1735 omnibus
1006 1670 1291 1756 juribus,
1338 1692 1561 1752 censu,
1609 1672 1906 1752 decimis,
1923 1671 2208 1755 judicio,
2257 1670 2495 1750 tewris,
2536 1668 2860 1749 vecturis,

463 1755 913 1843 proventibus,
940 1758 1331 1838 attinentiis,
1369 1756 1571 1840 silvis,
1619 1759 1840 1844 pratis,
1873 1758 2134 1844 pascuis
2158 1766 2223 1821 et
2239 1754 2650 1837 utilitatibus,
2677 1776 2860 1841 quae

460 1841 704 1909 eisdem
752 1841 944 1908 bonis
989 1844 1215 1907 insunt
1258 1842 1365 1908 vel
1412 1846 1627 1909 inesse
1672 1855 1982 1930 poterunt
2032 1845 2098 1909 in
2127 1842 2442 1925 futurum,
2471 1851 2536 1908 et
2567 1842 2860 1907 eandem

460 1928 686 1993 villam
732 1928 914 1994 nullo
962 1928 1281 1995 diminuto
1327 1930 1435 1995 vel
1482 1939 1759 2017 excepto
1804 1953 1928 2019 per
1971 1940 2034 1996 te
2081 1952 2160 1995 ac
2183 1929 2459 1995 heredes
2483 1938 2651 2011 tuos,
2677 1928 2862 1993 filios

462 2015 809 2081 dumtaxat
854 2025 916 2081 et
962 2038 1097 2081 non
1144 2016 1333 2099 filias,
1381 2016 1570 2082 titulo
1618 2016 1793 2085 feodi
1845 2027 2072 2083 teneas
2118 2027 2183 2082 et
2226 2016 2585 2104 possideas,
2630 2038 2714 2081 ac
2757 2038 2860 2079 ra·

459 2104 639 2168 tione
699 2104 905 2190 ipsius
964 2102 1137 2169 feodi
1191 2104 1306 2189 jus
1368 2104 1802 2169 vassallorum
1877 2104 2198 2170 ecclesiae
2254 2102 2862 2188 Magdeburgensis

460 2188 707 2255 habeas
751 2189 817 2253 in
881 2188 1183 2254 omnibus
1243 2189 1716 2267 indistinctum,
1784 2190 1959 2278 quod
2020 2189 2324 2254 omnibus
2393 2188 2754 2255 infeodatis
2824 2210 2864 2251 a

459 2276 650 2341 nobis
697 2274 1133 2357 concedimus,
1180 2278 1484 2364 quodque
1530 2277 1806 2343 heredes
1850 2279 1966 2357 tui,
1993 2277 2112 2341 filii
2147 2286 2401 2343 tantum
2453 2278 2622 2343 sicut
2659 2298 2862 2358 prae-

464 2364 733 2432 missum
782 2372 899 2443 est,
944 2361 1278 2449 gaudeant
1320 2365 1461 2450 ipso
1498 2366 1672 2450 jure.

635 2465 827 2530 Datis
890 2467 1084 2530 etiam
1144 2468 1212 2531 in
1274 2468 1783 2552 recognitionem
1829 2468 2146 2533 bonorum
2224 2466 2592 2532 eorundem
2656 2470 2861 2533 annis

464 2552 739 2643 singulis
784 2555 1117 2617 canonicis
1164 2556 1402 2620 nostris
1450 2553 2004 2621 Olomucensibus
2031 2553 2112 2619 de
2135 2552 2432 2640 quolibet
2463 2575 2692 2619 manso
2731 2553 2860 2619 tibi

467 2640 793 2704 serviente
838 2661 1209 2705 mensuram
1257 2642 1475 2722 tritici,
1523 2640 2079 2727 quemadmodum
2125 2640 2238 2706 alii
2300 2640 2618 2707 infeodati
2681 2640 2852 2707 dare

467 2734 793 2791 tenentur.

642 2829 790 2894 Non
838 2828 1027 2894 dabis
1070 2833 1265 2896 etiam
1313 2853 1685 2896 mensuram
1732 2833 1937 2897 tritici
1979 2832 2060 2897 de
2107 2833 2283 2916 agris
2329 2851 2493 2916 quos
2554 2830 2640 2894 ad
2686 2853 2860 2897 usus

468 2926 620 2981 tuae
667 2915 1105 3002 agriculturae
1150 2939 1228 2981 ac
1271 2916 1667 2984 famulorum
1715 2928 1976 2983 tuorum
2026 2918 2259 2983 duxeri
2303 2916 2740 3003 deputandos.

643 3002 836 3084 Quod
882 3013 1101 3067 autem
1146 3006 1366 3068 omnia
1412 3007 1770 3091 praemissa
1829 3005 2030 3071 robur
2089 3004 2429 3071 obtineant
2493 3012 2858 3091 perpetuae

470 3090 817 3169 firmitatis,
863 3112 983 3161 nos
1029 3088 1113 3156 ad
1160 3092 1253 3157 rei
1303 3093 1680 3157 memoriam
1728 3112 1862 3157 sem
1916 3092 2192 3158 iternam
2239 3100 2654 3177 praesentem
2731 3112 2851 3176 pa-

469 3177 690 3261 ginam
738 3174 892 3242 inde
938 3175 1286 3258 conscribi,
1333 3179 1673 3265 nostrique
1719 3114 1916 3264 sigilli
1957 3179 2250 3263 jussimu
2313 3179 2676 3243 munimine
2737 3200 2850 3243 ro-

470 3262 711 3342 borari,
754 3262 1028 3328 testibus
1074 3262 1159 3328 ad
1204 3263 1526 3328 cautelam
1574 3263 2041 3330 nichilominus
2089 3265 2476 3329 subnotatis.

640 3366 887 3431 Testes·
914 3375 1129 3431 autem
1178 3368 1290 3453 qui
1336 3366 1612 3433 aderant
1656 3377 1842 3433 sunt:
1891 3366 2278 3433 Herbordus
2326 3367 2584 3454 dapifer
2629 3376 2858 3433 noster

471 3452 553 3519 de
597 3451 1021 3537 Wllmsteyn,
1066 3452 1405 3519 Johannes
1428 3453 1604 3519 filius
1626 3456 1853 3540 ipsius,
1880 3452 2370 3521 Hellembertus
2400 3453 2858 3519 marschalcus

470 3550 713 3617 noster,
761 3538 1155 3611 Gebhardus
1202 3539 1283 3605 de
1330 3539 1511 3622 Gels,
1556 3541 1908 3607 Ludwieus
1954 3540 2034 3607 de
2078 3540 2362 3620 Meduiz,
2388 3539 2722 3607 Radslaus
2744 3542 2854 3605 ad·

470 3636 749 3693 vocatus
835 3634 1058 3691 noster
1103 3625 1185 3690 de
1228 3626 1595 3713 Hozenpla,
1654 3627 1972 3693 Albertus
2046 3627 2294 3714 Snypir
2351 3626 2703 3693 Conradus
2775 3626 2855 3692 de

402 3728 407 3731 “
474 3714 717 3797 Bruks,
765 3714 943 3778 cives
992 3711 1420 3799 Opavienses.

640 3817 729 3881 Et
772 3838 891 3881 nos
938 3814 1299 3899 capitulum
1319 3815 1792 3887 Olomucense:
1838 3814 2298 3883 Bartolomeus
2345 3817 2656 3898 decanus,
2689 3817 2853 3882 Her·

463 3901 709 3968 bordus
755 3904 1187 3989 praepositus,
1234 3901 1608 3987 Stephanus
1655 3903 2182 3985 archidiaconus,
2249 3902 2594 3969 Conradus
2644 3903 2849 3969 scola-

471 3989 691 4070 sticus,
736 3990 985 4073 Symon
1032 3998 1250 4054 custos
1317 3999 1382 4054 et
1447 3988 1562 4053 alii
1629 3999 2028 4074 praesentes,
2099 3992 2474 4075 praemissis
2542 3990 2854 4056 omnibus

473 4096 868 4139 consensum
892 4084 1186 4140 nostrum
1210 4075 1670 4162 praesentibus
1716 4096 2098 4162 expressum
2146 4075 2510 4141 liberaliter
2537 4075 2854 4142 adhiben-

468 4171 568 4229 tes
612 4161 829 4246 sigillo
875 4164 1078 4227 nostri
1124 4162 1393 4249 capituli
1440 4161 1525 4226 ad
1573 4164 1892 4247 majorem
1939 4161 2340 4228 evidentiam
2409 4162 2702 4249 appendi
2768 4162 2854 4228 fe·

474 4249 683 4317 cimus
726 4248 879 4313 huic
927 4250 1187 4335 scripto.
