3150 5017
1524 310 1998 379 ...200-

750 489 808 551 7.
855 490 916 571 5.
966 488 1022 552 l.
1068 485 1200 569 Qui
1244 485 1533 572 aliquem
1555 485 2012 552 vulneraverit
2033 484 2142 551 vel
2165 484 2565 553 interfecerit
2608 494 2672 553 et
2709 484 2897 569 fugam

574 572 829 641 dederit
873 583 938 640 et
970 572 1233 661 judicio
1290 581 1511 639 astare
1574 572 1880 655 noluerit,
1927 594 1970 637 a
2017 571 2246 660 judice
2305 572 2591 659 legitimo
2648 579 2898 652 vocatus,

575 658 1053 815 Ρῒῶωὲἓὲῗ
1094 659 1828 814 ἔοῗὲαῇῖωῃέἰῗιζὲὶω
1847 660 2248 813 ,Ξὲἓῖἓῗιῗ
2283 661 2599 815 3ῗῴἔὲἒῖ
2636 680 2744 813 {¹31¹}
2743 666 2901 810 ”3325

575 769 734 899 ditis
776 794 969 900 bonis
1016 834 1153 899 sniis
1217 836 1435 919 ipsum
1504 793 1880 921 sequentur.
1971 834 2026 919 ἓ.
2071 770 2136 903 2¹!
2182 833 2253 901 Si
2320 769 2480 899 vei-'o
2545 854 2802 899 uxorem
2854 838 2905 896 et

573 941 812 1010 pueros
852 941 989 987 non
1034 920 1353 997 habuerit,
1398 922 1684 1008 proximi
1729 918 2004 987 heredes
2048 941 2122 985 se
2143 922 2587 987 intromittent
2629 921 2708 987 de
2747 918 2905 985 bonis

580 1008 717 1075 suis
759 1006 1013 1095 absque
1078 1009 1256 1073 omni
1300 1008 1790 1095 impedimento.
1851 1007 1907 1092 ξ.
1951 1010 2015 1074 3.
2061 1006 2135 1075 Si
2202 1014 2422 1075 autem
2493 1006 2761 1075 heredes
2799 1026 2906 1071 non

574 1094 898 1198 habuerit,
964 1093 1047 1158 de
1111 1093 1466 1182 praedictis
1512 1094 1704 1161 bonis
1747 1094 2112 1202 secundum
2179 1091 2526 1161 consilium
2577 1094 2906 1181 juratorum

579 1180 1065 1335 ὼψῗοῖἶιὲξιὶο
1107 1266 1394 1355 aliquem
1440 1266 1659 1335 duello
1704 1274 1921 1356 potest
1961 1267 2284 1352 incusare,
2354 1269 2478 1334 nisi
2515 1268 2724 1354 jurati
2763 1264 2908 1331 vide·

584 1355 716 1421 rint
762 1361 1085 1423 mortuum
1130 1362 1246 1420 aut
1289 1353 1553 1421 vulnus.
1615 1362 1624 1370 ‘

750 1442 813 1507 9.
858 1442 917 1528 ἓ.
966 1442 1024 1507 l.
1071 1440 1141 1507 Si
1188 1441 1336 1527 quis
1380 1440 1666 1543 aliquem
1711 1439 2160 1508 vulneraverit
2203 1447 2268 1506 et
2311 1438 2534 1527 fugam
2585 1438 2826 1507 dederit
2859 1438 2912 1501 in

445 1602 453 1611 ,
582 1525 847 1595 domum
894 1528 1202 1613 ahquam,
1266 1528 1462 1592 amici
1528 1526 1859 1593 vulnerati
1927 1527 2192 1593 domum
2236 1548 2367 1594 non
2413 1528 2755 1595 intrabunt
2793 1526 2908 1590 sine

572 1613 799 1703 judice
844 1621 911 1680 et
947 1614 1205 1701 juratis,
1273 1612 1387 1679 sed
1452 1614 1690 1679 stando
1755 1622 1910 1681 ante
1955 1615 2221 1681 domum
2267 1616 2526 1681 mittent
2571 1635 2691 1717 pro
2731 1611 2916 1699 judice

576 1708 643 1769 et
685 1707 1003 1787 quaerent
1024 1698 1481 1787 fidejussores3
1528 1722 1694 1789 quos
1739 1702 1796 1767 si
1841 1721 1974 1767 non
2021 1700 2344 1777 habuerit,
2385 1701 2597 1787 judici
2641 1720 2915 1788 praesen-

581 1794 774 1856 tetur.
822 1791 885 1871 ἓ.
930 1792 989 1853 2.
1078 1785 1150 1852 δί
1193 1794 1409 1854 autem
1478 1789 1731 1854 inimici
1776 1787 2058 1855 eundem
2103 1789 2174 1853 in
2217 1788 2412 1856 domo
2458 1785 2920 1855 vulneraverint

575 1875 939 1957 temerarie,
984 1874 1080 1939 rei
1127 1881 1319 1940 erunt
1361 1876 1533 1941 sicut
1556 1873 1637 1942 de
1661 1875 2006 1941 invasione
2052 1873 2306 1959 domus,
2353 1874 2574 1962 judici
2619 1883 2697 1941 ut
2735 1892 2917 1959 supra.

583 1960 637 2047 §-
683 1962 744 2026 3.
790 1958 880 2027 Et
923 1961 979 2026 si
1022 1959 1135 2026 ille
1178 1961 1369 2047 cujus
1414 1962 1679 2027 domum
1726 1962 2016 2038 intravit,
2063 1984 2210 2027 eum
2233 1970 2533 2048 potenter
2577 1970 2693 2027 aut
2733 1958 2917 2046 aliquo

582 2045 713 2115 alio
760 2047 986 2114 subtili
1054 2046 1249 2113 inodo
1295 2069 1513 2115 coram
1552 2049 1782 2135 judice
1826 2049 2134 2132 tuebitur,
2183 2049 2391 2115 donec
2436 2050 2760 2136 effugerit,
2797 2068 2918 2113 con-

578 2136 795 2201 victus
824 2134 1033 2201 tribus
1075 2134 1332 2202 idoneis
1375 2133 1658 2202 testibus
1701 2134 1846 2201 loco
1890 2137 2099 2223 ipsius
2142 2136 2608 2223 respondebit3
2633 2137 2768 2202 sed
2805 2134 2919 2219 ipse

580 2222 816 2324 melius
859 2221 1253 2323 approbabit
1298 2244 1483 2288 suain
1528 2223 1975 2289 innocentiam
2020 2230 2155 2289 met
2196 2222 2450 2307 tertius,
2502 2230 2708 2310 'quam
2751 2218 2922 2309 possit

578 2328 903 2377 convinci.

763 2393 861 2461 10.
906 2398 965 2478 ξ.
1016 2397 1069 2459 1.
1118 2393 1188 2462 Si
1246 2396 1394 2483 quis
1440 2395 1726 2483 aliquem
1787 2396 2234 2463 vulneraverit
2299 2396 2594 2485 quinque
2657 2403 2772 2475 ⁴aut
2827 2412 2920 2457 sex

582 2479 992 2565 vulneribus,
1052 2481 1189 2548 solo
1248 2490 1504 2549 tantum
1574 2480 1791 2547 duello
1849 2482 2306 2570 respondebit3
2353 2506 2472 2571 pro
2518 2482 2670 2551 aliis
2712 2479 2914 2569 vulne-

582 2564 765 2635 ribus
809 2566 947 2635 solo
992 2568 1415 2656 respondebit
1448 2570 1893 2657 jurnamento.
1940 2574 1998 2653 §.
2043 2572 2104 2637 2.
2153 2569 2223 2636 Si
2269 2579 2486 2637 autem
2531 2593 2656 2658 pro
2700 2569 2916 2635 eisdem

581 2652 966 2807 vulneri‘limls
1026 2654 1138 2722 alii
1203 2656 1646 2742 inculpamur,
1715 2663 1874 2743 quot
1933 2666 2086 2723 sunt
2150 2678 2491 2744 personae,
2557 2664 2658 2724 tot
2725 2649 2919 2719 duellis

592 2761 698 2808 res
748 2758 832 2807 on
880 2760 915 2808 e
968 2750 1106 2808 unt.
1923 2772 1930 2775 ·

701 2763 863 2895 p11.
930 2832 992 2911 §-
1044 2829 1099 2894 1.
1172 2828 1242 2895 Si
1311 2830 1457 2916 quis
1518 2831 1990 2915 querimoniam
2060 2851 2177 2918 pro
2241 2830 2594 2897 homicidio
2662 2825 2923 2903 moverit,

583 2914 795 3004 primo
860 2913 968 2981 die
1030 2917 1399 2981 incusatum
1445 2915 1895 3003 proclamabit,
1955 2917 2243 2983 secundo
2304 2917 2410 2984 die
2455 2916 2686 2983 'udicii
2727 2916 2782 2981 si
2822 2932 2923 2978 non

586 3002 1058 3107 comparuerit,
1131 3003 1366 3069 iterum
1440 3024 1592 3069 eum
1658 3003 2112 3105 proclamabit,
2158 3011 2224 3071 et
2279 3026 2436 3093 proc
2463 3009 2723 3071 amatus
2765 2998 2923 3068 tertio

587 3088 693 3155 die
727 3087 962 3177 Judicii
1006 3090 1059 3153 si
1102 3110 1237 3155 non
1280 3098 1737 3177 comparuerit,
1781 3089 2245 3176 proscribatur.

765 3174 863 3241 12.
908 3174 981 3243 Si
1003 3176 1151 3263 quis
1171 3197 1290 3266 pro
1316 3176 1662 3246 vulnerato
1686 3178 1894 3245 amico
1917 3198 2036 3245 suo
2061 3186 2456 3265 conquestus
2499 3177 2718 3261 fuerit,
2761 3175 2926 3241 trium

590 3261 840 3329 dierum
903 3263 1181 3350 spatium
1241 3261 1582 3340 obtinebit,
1643 3273 1711 3331 et
1768 3267 1824 3329 si
1885 3266 2076 3332 tertio
2136 3266 2245 3332 die
2303 3284 2436 3331 non
2499 3260 2927 3352 comparuerit,

593 3346 1053 3435 proscribetur.

764 3436 863 3503 13.
907 3440 970 3519 ἓ.
1017 3437 1074 3501 l.
1120 3436 1191 3503 Si
1236 3439 1386 3523 quis
1429 3440 1830 3525 proscriptus
1856 3439 2071 3523 fuerit,
2115 3439 2289 3505 infra
2331 3440 2487 3504 anni
2515 3439 2796 3526 spatium
2817 3451 2928 3497 non

596 3521 992 3590 emendabit.
1080 3527 1145 3607 ξ.
1189 3524 1251 3587 2.
1298 3524 1368 3589 δί
1411 3545 1569 3590 vero
1614 3525 1890 3611 placatis
1933 3526 2220 3592 inimicis
2263 3544 2438 3593 anno
2481 3532 2810 3591 transacto
2843 3521 2927 3605 ju·

589 3606 720 3675 dici
764 3609 1115 3676 emendare
1159 3609 1457 3693 voluerit,
1498 3634 1620 3699 pro
1665 3612 2016 3679 homicidio
2081 3612 2268 3680 dabit
2309 3623 2441 3679 tres
2507 3630 2779 3691 marcas,
2834 3623 2929 3695 pro

587 3695 859 3763 vulnere
924 3695 1099 3783 quod
1150 3695 1383 3765 dicitur
1428 3696 1505 3765 le
1522 3720 1588 3764 m
1607 3697 1650 3765 d
1668 3720 1723 3781 e,
1771 3699 1934 3767 duas
1981 3720 2252 3782 mareas,
2297 3721 2416 3787 pro
2461 3698 2731 3765 vulnere
2775 3689 2927 3761 duel·

588 3781 711 3849 lari
754 3801 953 3849 unam
998 3801 1304 3867 marcam,
1342 3785 1579 3871 juratis
1626 3808 1821 3852 unam
1867 3808 2170 3854 marcam.

768 3870 867 3935 14.
914 3873 973 3953 ὅ.
1022 3871 1081 3937 l.
1126 3869 1200 3937 Si
1242 3873 1388 3959 quis
1432 3894 1551 3959 pro
1596 3873 1949 3939 homicidio
1993 3873 2340 3959 fidejussor
2387 3895 2528 3941 esse
2574 3871 2786 3951 debet,
2842 3867 2912 3931 ho

592 3953 930 4021 reditatem
994 3956 1189 4025 debet
1247 3957 1491 4025 habere
1547 3961 1816 4047 triginta
1890 3982 2254 4027 marearum
2323 3960 2495 4027 infra
2561 3958 2927 4025 munitiones

592 4039 895 4107 civitatis.
985 4043 1040 4127 §-
1108 4052 1166 4110 2.
1226 4044 1297 4111 Si
1355 4057 1575 4112 autem
1638 4046 1748 4115 ille
1809 4070 1925 4135 pro
1987 4068 2116 4134 quo
2175 4047 2538 4134 fideijussio
2597 4045 2772 4115 facta
2827 4050 2924 4114 cst,

596 4123 1081 4229 subterfugerit,
1124 4129 1471 4217 fidejussor
1514 4134 1802 4220 placabit
1846 4128 2148 4207 inmas
2192 4156 2339 4199 cum
2386 4134 2654 4220 triginta
2693 4130 2924 4201 marcis,

586 4214 881 4298 judicem
938 4238 1005 4281 in
1066 4220 1374 4303 quinque.
1464 4226 1523 4301 §-
1587 4223 1648 4287 3.
1711 4220 1836 4287 Ille
1897 4243 2052 4289 vero
2116 4222 2565 4307 proscribatur
2623 4241 2705 4287 ex
2769 4220 2924 4303 parte

604 4298 1016 4387 fidejussoris.
