<?xml version="1.0" encoding="UTF-8"?>
<!DOCTYPE html PUBLIC "-//W3C//DTD XHTML 1.0 Transitional//EN"
    "http://www.w3.org/TR/xhtml1/DTD/xhtml1-transitional.dtd">
<html xmlns="http://www.w3.org/1999/xhtml" xml:lang="en" lang="en">
 <head>
  <title>
</title>
<meta http-equiv="Content-Type" content="text/html;charset=utf-8" />
  <meta name='ocr-system' content='tesseract 3.04.00' />
  <meta name='ocr-capabilities' content='ocr_page ocr_carea ocr_par ocr_line ocrx_word'/>
</head>
<body>
  <div class='ocr_page' id='page_1' title='image "./codexjurisbohem01unkngoog_0248.png"; bbox 0 0 3150 5017; ppageno 0'>
   <div class='ocr_carea' id='block_1_1' title="bbox 1454 297 1931 366">
    <p class='ocr_par' dir='ltr' id='par_1_1' title="bbox 1454 297 1931 366">
     <span class='ocr_line' id='line_1_1' title="bbox 1454 297 1931 366; baseline 0 -16"><span class='ocrx_word' id='word_1_1' title='bbox 1454 297 1931 366; x_wconf 75' lang='lat'>...238-</span> 
     </span>
    </p>
   </div>
   <div class='ocr_carea' id='block_1_2' title="bbox 498 471 2892 2825">
    <p class='ocr_par' dir='ltr' id='par_1_2' title="bbox 498 471 2884 1605">
     <span class='ocr_line' id='line_1_2' title="bbox 674 471 2876 562; baseline -0.001 -22"><span class='ocrx_word' id='word_1_2' title='bbox 674 474 885 562; x_wconf 82' lang='grc' dir='ltr'>(ΧΠ).</span> <span class='ocrx_word' id='word_1_3' title='bbox 932 471 1181 540; x_wconf 81' lang='lat' dir='ltr'><strong>Volens</strong></span> <span class='ocrx_word' id='word_1_4' title='bbox 1232 473 1457 560; x_wconf 82' lang='lat' dir='ltr'><strong>igitur,</strong></span> <span class='ocrx_word' id='word_1_5' title='bbox 1514 472 1854 538; x_wconf 74' lang='lat' dir='ltr'><strong>affirmans</strong></span> <span class='ocrx_word' id='word_1_6' title='bbox 1898 479 1978 538; x_wconf 72' lang='lat' dir='ltr'><strong>et·</strong></span> <span class='ocrx_word' id='word_1_7' title='bbox 2007 478 2374 559; x_wconf 76' lang='lat' dir='ltr'><strong>protestans</strong></span> <span class='ocrx_word' id='word_1_8' title='bbox 2411 479 2646 540; x_wconf 82' lang='lat' dir='ltr'><strong>tenore</strong></span> <span class='ocrx_word' id='word_1_9' title='bbox 2689 490 2876 560; x_wconf 84' lang='lat' dir='ltr'><strong>prae·</strong></span> 
     </span>
     <span class='ocr_line' id='line_1_3' title="bbox 504 557 2878 649; baseline -0.002 -21"><span class='ocrx_word' id='word_1_10' title='bbox 504 564 839 638; x_wconf 84' lang='lat' dir='ltr'><strong>sentium‚.</strong></span> <span class='ocrx_word' id='word_1_11' title='bbox 873 561 1351 649; x_wconf 77' lang='lat' dir='ltr'><strong>permutatione</strong></span> <span class='ocrx_word' id='word_1_12' title='bbox 1414 558 1790 646; x_wconf 83' lang='lat' dir='ltr'><strong>hujusmodi</strong></span> <span class='ocrx_word' id='word_1_13' title='bbox 1851 579 1956 624; x_wconf 88' lang='lat' dir='ltr'><strong>me</strong></span> <span class='ocrx_word' id='word_1_14' title='bbox 2014 557 2156 624; x_wconf 84' lang='lat' dir='ltr'><strong>fore</strong></span> <span class='ocrx_word' id='word_1_15' title='bbox 2217 567 2620 643; x_wconf 80' lang='lat' dir='ltr'><strong>contentum,</strong></span> <span class='ocrx_word' id='word_1_16' title='bbox 2679 559 2878 648; x_wconf 89' lang='lat' dir='ltr'><strong>plene</strong></span> 
     </span>
     <span class='ocr_line' id='line_1_4' title="bbox 504 645 2880 738; baseline -0.001 -24"><span class='ocrx_word' id='word_1_17' title='bbox 504 657 813 738; x_wconf 76' lang='lat' dir='ltr'><strong>pagatum</strong></span> <span class='ocrx_word' id='word_1_18' title='bbox 882 656 949 714; x_wconf 89' lang='lat' dir='ltr'><strong>et</strong></span> <span class='ocrx_word' id='word_1_19' title='bbox 1013 647 1182 713; x_wconf 88' lang='lat' dir='ltr'><strong>bono</strong></span> <span class='ocrx_word' id='word_1_20' title='bbox 1249 645 1532 712; x_wconf 84' lang='lat' dir='ltr'><strong>solutum</strong></span> <span class='ocrx_word' id='word_1_21' title='bbox 1550 695 1568 730; x_wconf 94' lang='lat'><strong>,</strong></span> <span class='ocrx_word' id='word_1_22' title='bbox 1636 657 1704 713; x_wconf 90' lang='lat' dir='ltr'><strong>et</strong></span> <span class='ocrx_word' id='word_1_23' title='bbox 1767 647 2121 712; x_wconf 80' lang='lat' dir='ltr'><strong>absolvens</strong></span> <span class='ocrx_word' id='word_1_24' title='bbox 2187 655 2254 712; x_wconf 90' lang='lat' dir='ltr'><strong>et</strong></span> <span class='ocrx_word' id='word_1_25' title='bbox 2319 646 2654 714; x_wconf 85' lang='lat' dir='ltr'><strong>absolutos</strong></span> <span class='ocrx_word' id='word_1_26' title='bbox 2733 665 2880 713; x_wconf 88' lang='lat' dir='ltr'><strong>esse</strong></span> 
     </span>
     <span class='ocr_line' id='line_1_5' title="bbox 508 732 2882 820; baseline -0.002 -18"><span class='ocrx_word' id='word_1_27' title='bbox 508 741 737 802; x_wconf 82' lang='lat' dir='ltr'><strong>volens</strong></span> <span class='ocrx_word' id='word_1_28' title='bbox 809 757 1038 802; x_wconf 88' lang='lat' dir='ltr'><strong>omnes</strong></span> <span class='ocrx_word' id='word_1_29' title='bbox 1106 741 1171 800; x_wconf 84' lang='lat' dir='ltr'><strong>et</strong></span> <span class='ocrx_word' id='word_1_30' title='bbox 1233 732 1556 820; x_wconf 84' lang='lat' dir='ltr'><strong>singulos,</strong></span> <span class='ocrx_word' id='word_1_31' title='bbox 1620 734 1924 814; x_wconf 79' lang='lat' dir='ltr'><strong>barones,</strong></span> <span class='ocrx_word' id='word_1_32' title='bbox 1985 732 2467 816; x_wconf 71' lang='lat' dir='ltr'><strong>ministeriales,</strong></span> <span class='ocrx_word' id='word_1_33' title='bbox 2525 732 2768 800; x_wconf 84' lang='lat' dir='ltr'><strong>milites</strong></span> <span class='ocrx_word' id='word_1_34' title='bbox 2812 741 2882 799; x_wconf 90' lang='lat' dir='ltr'><strong>et</strong></span> 
     </span>
     <span class='ocr_line' id='line_1_6' title="bbox 505 819 2878 908; baseline -0.002 -19"><span class='ocrx_word' id='word_1_35' title='bbox 505 822 670 890; x_wconf 84' lang='lat' dir='ltr'><strong>alios</strong></span> <span class='ocrx_word' id='word_1_36' title='bbox 728 843 975 905; x_wconf 87' lang='lat' dir='ltr'><strong>omnes,</strong></span> <span class='ocrx_word' id='word_1_37' title='bbox 1036 830 1103 888; x_wconf 90' lang='lat' dir='ltr'><strong>et</strong></span> <span class='ocrx_word' id='word_1_38' title='bbox 1166 821 1480 907; x_wconf 79' lang='lat' dir='ltr'><strong>singulos,</strong></span> <span class='ocrx_word' id='word_1_39' title='bbox 1538 819 1797 888; x_wconf 81' lang='lat' dir='ltr'><strong>nobiles</strong></span> <span class='ocrx_word' id='word_1_40' title='bbox 1862 829 1930 887; x_wconf 88' lang='lat' dir='ltr'><strong>et</strong></span> <span class='ocrx_word' id='word_1_41' title='bbox 1999 819 2349 908; x_wconf 83' lang='lat' dir='ltr'><strong>populares·</strong></span> <span class='ocrx_word' id='word_1_42' title='bbox 2389 823 2698 908; x_wconf 63' lang='lat' dir='ltr'><strong>ipsarum</strong></span> <span class='ocrx_word' id='word_1_43' title='bbox 2744 829 2878 886; x_wconf 87' lang='lat' dir='ltr'><strong>ter-</strong></span> 
     </span>
     <span class='ocr_line' id='line_1_7' title="bbox 502 908 2880 992; baseline -0.002 -16"><span class='ocrx_word' id='word_1_44' title='bbox 502 931 747 992; x_wconf 83' lang='lat' dir='ltr'><strong>rarum,</strong></span> <span class='ocrx_word' id='word_1_45' title='bbox 806 911 1147 975; x_wconf 82' lang='lat' dir='ltr'><strong>civitatum</strong></span> <span class='ocrx_word' id='word_1_46' title='bbox 1208 919 1275 975; x_wconf 80' lang='lat' dir='ltr'><strong>et</strong></span> <span class='ocrx_word' id='word_1_47' title='bbox 1332 917 1715 991; x_wconf 84' lang='lat' dir='ltr'><strong>castrorum,</strong></span> <span class='ocrx_word' id='word_1_48' title='bbox 1775 908 2149 978; x_wconf 75' lang='lat' dir='ltr'><strong>infeudatos</strong></span> <span class='ocrx_word' id='word_1_49' title='bbox 2191 915 2261 974; x_wconf 80' lang='lat' dir='ltr'><strong>et</strong></span> <span class='ocrx_word' id='word_1_50' title='bbox 2305 929 2438 974; x_wconf 86' lang='lat' dir='ltr'><strong>non</strong></span> <span class='ocrx_word' id='word_1_51' title='bbox 2483 909 2880 988; x_wconf 73' lang='lat' dir='ltr'><strong>infeudatos,</strong></span> 
     </span>
     <span class='ocr_line' id='line_1_8' title="bbox 506 993 2871 1082; baseline -0.001 -20"><span class='ocrx_word' id='word_1_52' title='bbox 506 1019 548 1062; x_wconf 85' lang='lat' dir='ltr'><strong>a</strong></span> <span class='ocrx_word' id='word_1_53' title='bbox 604 995 921 1062; x_wconf 74' lang='lat' dir='ltr'><strong>fidelitate</strong></span> <span class='ocrx_word' id='word_1_54' title='bbox 979 1003 1044 1063; x_wconf 87' lang='lat' dir='ltr'><strong>et</strong></span> <span class='ocrx_word' id='word_1_55' title='bbox 1100 993 1425 1080; x_wconf 74' lang='lat' dir='ltr'><strong>homagio,</strong></span> <span class='ocrx_word' id='word_1_56' title='bbox 1486 993 1728 1082; x_wconf 83' lang='lat' dir='ltr'><strong>quibus</strong></span> <span class='ocrx_word' id='word_1_57' title='bbox 1789 994 1948 1078; x_wconf 86' lang='lat' dir='ltr'><strong>mihi</strong></span> <span class='ocrx_word' id='word_1_58' title='bbox 1981 1003 2082 1061; x_wconf 84' lang='lat' dir='ltr'><strong>&#39;et</strong></span> <span class='ocrx_word' id='word_1_59' title='bbox 2144 993 2498 1062; x_wconf 85' lang='lat' dir='ltr'><strong>heredibus</strong></span> <span class='ocrx_word' id='word_1_60' title='bbox 2563 995 2724 1072; x_wconf 84' lang='lat' dir='ltr'><strong>meis</strong></span> <span class='ocrx_word' id='word_1_61' title='bbox 2787 1003 2871 1059; x_wconf 85' lang='lat' dir='ltr'><strong>te·</strong></span> 
     </span>
     <span class='ocr_line' id='line_1_9' title="bbox 510 1081 2879 1165; baseline -0.002 -16"><span class='ocrx_word' id='word_1_62' title='bbox 510 1093 773 1165; x_wconf 81' lang='lat' dir='ltr'><strong>nentur,</strong></span> <span class='ocrx_word' id='word_1_63' title='bbox 830 1082 1230 1150; x_wconf 84' lang='lat' dir='ltr'><strong>tenebantur</strong></span> <span class='ocrx_word' id='word_1_64' title='bbox 1284 1082 1393 1147; x_wconf 81' lang='lat' dir='ltr'><strong>vel</strong></span> <span class='ocrx_word' id='word_1_65' title='bbox 1450 1091 1852 1164; x_wconf 82' lang='lat' dir='ltr'><strong>tenerentur,</strong></span> <span class='ocrx_word' id='word_1_66' title='bbox 1909 1090 1977 1148; x_wconf 84' lang='lat' dir='ltr'><strong>et</strong></span> <span class='ocrx_word' id='word_1_67' title='bbox 2035 1081 2358 1148; x_wconf 84' lang='lat' dir='ltr'><strong>mandans</strong></span> <span class='ocrx_word' id='word_1_68' title='bbox 2403 1084 2500 1148; x_wconf 81' lang='lat' dir='ltr'><strong>cis</strong></span> <span class='ocrx_word' id='word_1_69' title='bbox 2541 1091 2612 1149; x_wconf 87' lang='lat' dir='ltr'><strong>et</strong></span> <span class='ocrx_word' id='word_1_70' title='bbox 2654 1098 2879 1148; x_wconf 87' lang='lat' dir='ltr'><strong>eorum</strong></span> 
     </span>
     <span class='ocr_line' id='line_1_10' title="bbox 505 1169 2882 1258; baseline -0.002 -22"><span class='ocrx_word' id='word_1_71' title='bbox 505 1170 797 1253; x_wconf 74' lang='lat' dir='ltr'><strong>cuilibet,</strong></span> <span class='ocrx_word' id='word_1_72' title='bbox 856 1180 929 1236; x_wconf 88' lang='lat' dir='ltr'><strong>ut</strong></span> <span class='ocrx_word' id='word_1_73' title='bbox 990 1170 1119 1257; x_wconf 88' lang='lat' dir='ltr'><strong>ipsi</strong></span> <span class='ocrx_word' id='word_1_74' title='bbox 1177 1169 1443 1235; x_wconf 87' lang='lat' dir='ltr'><strong>domino</strong></span> <span class='ocrx_word' id='word_1_75' title='bbox 1502 1171 1643 1256; x_wconf 84' lang='lat' dir='ltr'><strong>regi</strong></span> <span class='ocrx_word' id='word_1_76' title='bbox 1699 1179 1768 1236; x_wconf 89' lang='lat' dir='ltr'><strong>et</strong></span> <span class='ocrx_word' id='word_1_77' title='bbox 1817 1170 2176 1236; x_wconf 79' lang='lat' dir='ltr'><strong>heredibus</strong></span> <span class='ocrx_word' id='word_1_78' title='bbox 2221 1172 2358 1236; x_wconf 86' lang='lat' dir='ltr'><strong>suis</strong></span> <span class='ocrx_word' id='word_1_79' title='bbox 2401 1179 2716 1258; x_wconf 83' lang='lat' dir='ltr'><strong>tanquam</strong></span> <span class='ocrx_word' id='word_1_80' title='bbox 2761 1169 2882 1234; x_wconf 84' lang='lat' dir='ltr'><strong>do-</strong></span> 
     </span>
     <span class='ocr_line' id='line_1_11' title="bbox 506 1254 2881 1344; baseline -0.001 -21"><span class='ocrx_word' id='word_1_81' title='bbox 506 1259 704 1323; x_wconf 86' lang='lat' dir='ltr'><strong>minis</strong></span> <span class='ocrx_word' id='word_1_82' title='bbox 769 1278 993 1322; x_wconf 87' lang='lat' dir='ltr'><strong>eorum</strong></span> <span class='ocrx_word' id='word_1_83' title='bbox 1069 1255 1151 1322; x_wconf 81' lang='lat' dir='ltr'><strong>dc</strong></span> <span class='ocrx_word' id='word_1_84' title='bbox 1210 1265 1425 1322; x_wconf 87' lang='lat' dir='ltr'><strong>cetero</strong></span> <span class='ocrx_word' id='word_1_85' title='bbox 1484 1255 1826 1322; x_wconf 86' lang='lat' dir='ltr'><strong>intendere</strong></span> <span class='ocrx_word' id='word_1_86' title='bbox 1901 1254 2186 1322; x_wconf 85' lang='lat' dir='ltr'><strong>debeant</strong></span> <span class='ocrx_word' id='word_1_87' title='bbox 2246 1265 2310 1322; x_wconf 87' lang='lat' dir='ltr'><strong>et</strong></span> <span class='ocrx_word' id='word_1_88' title='bbox 2367 1257 2666 1324; x_wconf 84' lang='lat' dir='ltr'><strong>obedire:</strong></span> <span class='ocrx_word' id='word_1_89' title='bbox 2737 1275 2881 1344; x_wconf 84' lang='lat' dir='ltr'><strong>pro-</strong></span> 
     </span>
     <span class='ocr_line' id='line_1_12' title="bbox 498 1342 2882 1430; baseline 0 -24"><span class='ocrx_word' id='word_1_90' title='bbox 498 1348 693 1411; x_wconf 79' lang='lat' dir='ltr'><strong>mitto</strong></span> <span class='ocrx_word' id='word_1_91' title='bbox 738 1345 807 1409; x_wconf 88' lang='lat' dir='ltr'><strong>in</strong></span> <span class='ocrx_word' id='word_1_92' title='bbox 850 1343 955 1410; x_wconf 87' lang='lat' dir='ltr'><strong>his</strong></span> <span class='ocrx_word' id='word_1_93' title='bbox 998 1344 1276 1429; x_wconf 85' lang='lat' dir='ltr'><strong>scriptis,</strong></span> <span class='ocrx_word' id='word_1_94' title='bbox 1309 1342 1602 1429; x_wconf 78' lang='lat' dir='ltr'><strong>jurando</strong></span> <span class='ocrx_word' id='word_1_95' title='bbox 1633 1346 1716 1415; x_wconf 71' lang='lat' dir='ltr'><strong>,in</strong></span> <span class='ocrx_word' id='word_1_96' title='bbox 1761 1342 1942 1430; x_wconf 85' lang='lat' dir='ltr'><strong>ligno</strong></span> <span class='ocrx_word' id='word_1_97' title='bbox 2003 1345 2216 1408; x_wconf 86' lang='lat' dir='ltr'><strong>crucis</strong></span> <span class='ocrx_word' id='word_1_98' title='bbox 2263 1343 2628 1411; x_wconf 79' lang='lat' dir='ltr'><strong>dominicae</strong></span> <span class='ocrx_word' id='word_1_99' title='bbox 2673 1351 2740 1409; x_wconf 87' lang='lat' dir='ltr'><strong>et</strong></span> <span class='ocrx_word' id='word_1_100' title='bbox 2772 1342 2882 1428; x_wconf 77' lang='lat' dir='ltr'><strong>ju·</strong></span> 
     </span>
     <span class='ocr_line' id='line_1_13' title="bbox 506 1429 2882 1518; baseline -0.003 -19"><span class='ocrx_word' id='word_1_101' title='bbox 506 1431 811 1500; x_wconf 81' lang='lat' dir='ltr'><strong>rantibus</strong></span> <span class='ocrx_word' id='word_1_102' title='bbox 854 1453 934 1497; x_wconf 86' lang='lat' dir='ltr'><strong>ac</strong></span> <span class='ocrx_word' id='word_1_103' title='bbox 995 1429 1533 1518; x_wconf 62' lang='lat' dir='ltr'><strong>promittentibus</strong></span> <span class='ocrx_word' id='word_1_104' title='bbox 1568 1449 1826 1496; x_wconf 85' lang='lat' dir='ltr'><strong>mecum</strong></span> <span class='ocrx_word' id='word_1_105' title='bbox 1867 1439 1940 1498; x_wconf 85' lang='lat' dir='ltr'><strong>et</strong></span> <span class='ocrx_word' id='word_1_106' title='bbox 1977 1450 2097 1518; x_wconf 78' lang='lat' dir='ltr'><strong>pro</strong></span> <span class='ocrx_word' id='word_1_107' title='bbox 2123 1449 2226 1496; x_wconf 85' lang='lat' dir='ltr'><strong>me</strong></span> <span class='ocrx_word' id='word_1_108' title='bbox 2255 1431 2594 1517; x_wconf 83' lang='lat' dir='ltr'><strong>praedicto</strong></span> <span class='ocrx_word' id='word_1_109' title='bbox 2638 1429 2882 1497; x_wconf 84' lang='lat' dir='ltr'><strong>Ottone</strong></span> 
     </span>
     <span class='ocr_line' id='line_1_14' title="bbox 504 1514 2884 1605; baseline -0.002 -20"><span class='ocrx_word' id='word_1_110' title='bbox 504 1521 593 1586; x_wconf 84' lang='lat' dir='ltr'><strong>de</strong></span> <span class='ocrx_word' id='word_1_111' title='bbox 632 1518 903 1604; x_wconf 80' lang='lat' dir='ltr'><strong>Ileburg</strong></span> <span class='ocrx_word' id='word_1_112' title='bbox 947 1527 1013 1584; x_wconf 89' lang='lat' dir='ltr'><strong>et</strong></span> <span class='ocrx_word' id='word_1_113' title='bbox 1053 1514 1359 1604; x_wconf 87' lang='lat' dir='ltr'><strong>Adolpho</strong></span> <span class='ocrx_word' id='word_1_114' title='bbox 1405 1519 1662 1584; x_wconf 84' lang='lat' dir='ltr'><strong>notario</strong></span> <span class='ocrx_word' id='word_1_115' title='bbox 1705 1539 1868 1594; x_wconf 85' lang='lat' dir='ltr'><strong>meo,</strong></span> <span class='ocrx_word' id='word_1_116' title='bbox 1913 1516 2093 1605; x_wconf 80' lang='lat' dir='ltr'><strong>qaod</strong></span> <span class='ocrx_word' id='word_1_117' title='bbox 2140 1517 2394 1583; x_wconf 88' lang='lat' dir='ltr'><strong>decimo</strong></span> <span class='ocrx_word' id='word_1_118' title='bbox 2438 1517 2547 1584; x_wconf 83' lang='lat' dir='ltr'><strong>die</strong></span> <span class='ocrx_word' id='word_1_119' title='bbox 2591 1519 2884 1584; x_wconf 78' lang='lat' dir='ltr'><strong>intrante</strong></span> 
     </span>
    </p>

    <p class='ocr_par' dir='ltr' id='par_1_3' title="bbox 506 1601 2892 2476">
     <span class='ocr_line' id='line_1_15' title="bbox 556 1601 2884 1692; baseline -0.002 -20"><span class='ocrx_word' id='word_1_120' title='bbox 556 1608 813 1672; x_wconf 82' lang='lat' dir='ltr'><strong>roxima</strong></span> <span class='ocrx_word' id='word_1_121' title='bbox 858 1603 1379 1692; x_wconf 84' lang='lat' dir='ltr'><strong>quadragesima,</strong></span> <span class='ocrx_word' id='word_1_122' title='bbox 1424 1604 1638 1671; x_wconf 88' lang='lat' dir='ltr'><strong>eidem</strong></span> <span class='ocrx_word' id='word_1_123' title='bbox 1683 1603 1950 1670; x_wconf 89' lang='lat' dir='ltr'><strong>domino</strong></span> <span class='ocrx_word' id='word_1_124' title='bbox 1994 1605 2133 1690; x_wconf 85' lang='lat' dir='ltr'><strong>regi</strong></span> <span class='ocrx_word' id='word_1_125' title='bbox 2170 1604 2276 1688; x_wconf 62' lang='lat' dir='ltr'><strong>vel</strong></span> <span class='ocrx_word' id='word_1_126' title='bbox 2323 1606 2458 1670; x_wconf 88' lang='lat' dir='ltr'><strong>suis</strong></span> <span class='ocrx_word' id='word_1_127' title='bbox 2505 1607 2753 1670; x_wconf 82' lang='lat' dir='ltr'><strong>nuntiis</strong></span> <span class='ocrx_word' id='word_1_128' title='bbox 2795 1601 2884 1668; x_wconf 85' lang='lat' dir='ltr'><strong>ad</strong></span> 
     </span>
     <span class='ocr_line' id='line_1_16' title="bbox 509 1631 2884 1780; baseline -0.002 -20"><span class='ocrx_word' id='word_1_129' title='bbox 509 1631 636 1760; x_wconf 61' lang='lat' dir='ltr'><strong>Eoo</strong></span> <span class='ocrx_word' id='word_1_130' title='bbox 714 1715 833 1779; x_wconf 86' lang='lat' dir='ltr'><strong>per</strong></span> <span class='ocrx_word' id='word_1_131' title='bbox 908 1713 1059 1758; x_wconf 86' lang='lat' dir='ltr'><strong>eum</strong></span> <span class='ocrx_word' id='word_1_132' title='bbox 1120 1690 1493 1778; x_wconf 72' lang='lat' dir='ltr'><strong>specialiter</strong></span> <span class='ocrx_word' id='word_1_133' title='bbox 1553 1691 1920 1772; x_wconf 85' lang='lat' dir='ltr'><strong>destinatis,</strong></span> <span class='ocrx_word' id='word_1_134' title='bbox 1979 1690 2259 1774; x_wconf 83' lang='lat' dir='ltr'><strong>tradam,</strong></span> <span class='ocrx_word' id='word_1_135' title='bbox 2316 1692 2690 1780; x_wconf 79' lang='lat' dir='ltr'><strong>assignabO,</strong></span> <span class='ocrx_word' id='word_1_136' title='bbox 2753 1691 2884 1756; x_wconf 83' lang='lat' dir='ltr'><strong>dis·-</strong></span> 
     </span>
     <span class='ocr_line' id='line_1_17' title="bbox 510 1777 2885 1866; baseline -0.002 -20"><span class='ocrx_word' id='word_1_137' title='bbox 510 1779 785 1866; x_wconf 82' lang='lat' dir='ltr'><strong>brigabo</strong></span> <span class='ocrx_word' id='word_1_138' title='bbox 844 1788 909 1844; x_wconf 78' lang='lat' dir='ltr'><strong>et</strong></span> <span class='ocrx_word' id='word_1_139' title='bbox 966 1777 1387 1844; x_wconf 82' lang='lat' dir='ltr'><strong>auctorizabo</strong></span> <span class='ocrx_word' id='word_1_140' title='bbox 1448 1787 1678 1862; x_wconf 83' lang='lat' dir='ltr'><strong>terras,</strong></span> <span class='ocrx_word' id='word_1_141' title='bbox 1740 1787 1974 1855; x_wconf 84' lang='lat' dir='ltr'><strong>castra,</strong></span> <span class='ocrx_word' id='word_1_142' title='bbox 2035 1780 2336 1845; x_wconf 81' lang='lat' dir='ltr'><strong>civitates</strong></span> <span class='ocrx_word' id='word_1_143' title='bbox 2395 1789 2463 1846; x_wconf 79' lang='lat' dir='ltr'><strong>et</strong></span> <span class='ocrx_word' id='word_1_144' title='bbox 2505 1779 2655 1856; x_wconf 84' lang='lat' dir='ltr'><strong>alia,</strong></span> <span class='ocrx_word' id='word_1_145' title='bbox 2712 1797 2885 1866; x_wconf 84' lang='lat' dir='ltr'><strong>quae</strong></span> 
     </span>
     <span class='ocr_line' id='line_1_18' title="bbox 510 1863 2884 1956; baseline -0.002 -23"><span class='ocrx_word' id='word_1_146' title='bbox 510 1889 631 1956; x_wconf 85' lang='lat' dir='ltr'><strong>per</strong></span> <span class='ocrx_word' id='word_1_147' title='bbox 672 1889 779 1932; x_wconf 87' lang='lat' dir='ltr'><strong>me</strong></span> <span class='ocrx_word' id='word_1_148' title='bbox 821 1867 890 1931; x_wconf 91' lang='lat' dir='ltr'><strong>in</strong></span> <span class='ocrx_word' id='word_1_149' title='bbox 938 1865 1483 1954; x_wconf 72' lang='lat' dir='ltr'><strong>permutationem</strong></span> <span class='ocrx_word' id='word_1_150' title='bbox 1510 1865 1905 1952; x_wconf 79' lang='lat' dir='ltr'><strong>hujusmodi</strong></span> <span class='ocrx_word' id='word_1_151' title='bbox 1950 1875 2103 1931; x_wconf 87' lang='lat' dir='ltr'><strong>sunt</strong></span> <span class='ocrx_word' id='word_1_152' title='bbox 2127 1865 2426 1944; x_wconf 85' lang='lat' dir='ltr'><strong>deducta,</strong></span> <span class='ocrx_word' id='word_1_153' title='bbox 2473 1867 2732 1953; x_wconf 82' lang='lat' dir='ltr'><strong>sibique</strong></span> <span class='ocrx_word' id='word_1_154' title='bbox 2774 1863 2884 1930; x_wconf 84' lang='lat' dir='ltr'><strong>vel</strong></span> 
     </span>
     <span class='ocr_line' id='line_1_19' title="bbox 508 1951 2888 2040; baseline -0 -19"><span class='ocrx_word' id='word_1_155' title='bbox 508 1957 649 2022; x_wconf 77' lang='lat' dir='ltr'><strong>suis</strong></span> <span class='ocrx_word' id='word_1_156' title='bbox 736 1954 1174 2028; x_wconf 83' lang='lat' dir='ltr'><strong>essessionem</strong></span> <span class='ocrx_word' id='word_1_157' title='bbox 1218 1951 1569 2038; x_wconf 72' lang='lat' dir='ltr'><strong>assignabo</strong></span> <span class='ocrx_word' id='word_1_158' title='bbox 1617 1953 1978 2040; x_wconf 71' lang='lat' dir='ltr'><strong>plenariam</strong></span> <span class='ocrx_word' id='word_1_159' title='bbox 2023 1953 2401 2035; x_wconf 86' lang='lat' dir='ltr'><strong>eorundem,</strong></span> <span class='ocrx_word' id='word_1_160' title='bbox 2447 1956 2888 2020; x_wconf 83' lang='lat' dir='ltr'><strong>excusatione</strong></span> 
     </span>
     <span class='ocr_line' id='line_1_20' title="bbox 506 2038 2888 2127; baseline -0.002 -18"><span class='ocrx_word' id='word_1_161' title='bbox 506 2051 575 2110; x_wconf 85' lang='lat' dir='ltr'><strong>et</strong></span> <span class='ocrx_word' id='word_1_162' title='bbox 619 2041 685 2106; x_wconf 88' lang='lat' dir='ltr'><strong>di</strong></span> <span class='ocrx_word' id='word_1_163' title='bbox 714 2043 931 2106; x_wconf 89' lang='lat' dir='ltr'><strong>atione</strong></span> <span class='ocrx_word' id='word_1_164' title='bbox 973 2038 1269 2127; x_wconf 81' lang='lat' dir='ltr'><strong>qualibet</strong></span> <span class='ocrx_word' id='word_1_165' title='bbox 1310 2040 1540 2126; x_wconf 87' lang='lat' dir='ltr'><strong>procul</strong></span> <span class='ocrx_word' id='word_1_166' title='bbox 1601 2043 1826 2124; x_wconf 79' lang='lat' dir='ltr'><strong>motis3</strong></span> <span class='ocrx_word' id='word_1_167' title='bbox 1883 2039 2064 2104; x_wconf 83' lang='lat' dir='ltr'><strong>Hain</strong></span> <span class='ocrx_word' id='word_1_168' title='bbox 2109 2048 2176 2106; x_wconf 85' lang='lat' dir='ltr'><strong>et</strong></span> <span class='ocrx_word' id='word_1_169' title='bbox 2221 2041 2430 2106; x_wconf 88' lang='lat' dir='ltr'><strong>Perne</strong></span> <span class='ocrx_word' id='word_1_170' title='bbox 2471 2039 2888 2122; x_wconf 82' lang='lat' dir='ltr'><strong>civitatibus,</strong></span> 
     </span>
     <span class='ocr_line' id='line_1_21' title="bbox 511 2126 2892 2215; baseline -0.002 -20"><span class='ocrx_word' id='word_1_171' title='bbox 511 2137 579 2195; x_wconf 88' lang='lat' dir='ltr'><strong>et</strong></span> <span class='ocrx_word' id='word_1_172' title='bbox 620 2127 963 2215; x_wconf 79' lang='lat' dir='ltr'><strong>Tyfenove</strong></span> <span class='ocrx_word' id='word_1_173' title='bbox 1007 2135 1221 2192; x_wconf 84' lang='lat' dir='ltr'><strong>castro</strong></span> <span class='ocrx_word' id='word_1_174' title='bbox 1265 2133 1333 2193; x_wconf 88' lang='lat' dir='ltr'><strong>et</strong></span> <span class='ocrx_word' id='word_1_175' title='bbox 1374 2126 1525 2193; x_wconf 81' lang='lat' dir='ltr'><strong>aliis</strong></span> <span class='ocrx_word' id='word_1_176' title='bbox 1568 2129 1802 2193; x_wconf 86' lang='lat' dir='ltr'><strong>castris</strong></span> <span class='ocrx_word' id='word_1_177' title='bbox 1843 2127 2198 2194; x_wconf 70' lang='lat' dir='ltr'><strong>infeudatio</strong></span> <span class='ocrx_word' id='word_1_178' title='bbox 2243 2129 2558 2215; x_wconf 74' lang='lat' dir='ltr'><strong>exceptio,</strong></span> <span class='ocrx_word' id='word_1_179' title='bbox 2623 2127 2695 2193; x_wconf 90' lang='lat' dir='ltr'><strong>in</strong></span> <span class='ocrx_word' id='word_1_180' title='bbox 2743 2127 2892 2214; x_wconf 85' lang='lat' dir='ltr'><strong>qui-</strong></span> 
     </span>
     <span class='ocr_line' id='line_1_22' title="bbox 509 2213 2892 2303; baseline -0.001 -19"><span class='ocrx_word' id='word_1_181' title='bbox 509 2215 636 2284; x_wconf 83' lang='lat' dir='ltr'><strong>bus</strong></span> <span class='ocrx_word' id='word_1_182' title='bbox 680 2215 807 2281; x_wconf 86' lang='lat' dir='ltr'><strong>sibi</strong></span> <span class='ocrx_word' id='word_1_183' title='bbox 852 2215 1330 2303; x_wconf 83' lang='lat' dir='ltr'><strong>possessionem</strong></span> <span class='ocrx_word' id='word_1_184' title='bbox 1379 2213 1535 2280; x_wconf 83' lang='lat' dir='ltr'><strong>facti</strong></span> <span class='ocrx_word' id='word_1_185' title='bbox 1578 2236 1712 2282; x_wconf 88' lang='lat' dir='ltr'><strong>non</strong></span> <span class='ocrx_word' id='word_1_186' title='bbox 1736 2214 1926 2281; x_wconf 86' lang='lat' dir='ltr'><strong>valeo</strong></span> <span class='ocrx_word' id='word_1_187' title='bbox 1950 2214 2288 2302; x_wconf 86' lang='lat' dir='ltr'><strong>assignare</strong></span> <span class='ocrx_word' id='word_1_188' title='bbox 2330 2217 2401 2280; x_wconf 90' lang='lat' dir='ltr'><strong>in</strong></span> <span class='ocrx_word' id='word_1_189' title='bbox 2424 2214 2703 2283; x_wconf 87' lang='lat' dir='ltr'><strong>termino</strong></span> <span class='ocrx_word' id='word_1_190' title='bbox 2750 2235 2892 2281; x_wconf 88' lang='lat' dir='ltr'><strong>me-</strong></span> 
     </span>
     <span class='ocr_line' id='line_1_23' title="bbox 512 2297 2890 2390; baseline 0 -21"><span class='ocrx_word' id='word_1_191' title='bbox 512 2311 805 2386; x_wconf 80' lang='lat' dir='ltr'><strong>morat03</strong></span> <span class='ocrx_word' id='word_1_192' title='bbox 842 2305 956 2390; x_wconf 79' lang='lat' dir='ltr'><strong>jus</strong></span> <span class='ocrx_word' id='word_1_193' title='bbox 1002 2309 1224 2370; x_wconf 80' lang='lat' dir='ltr'><strong>tamen</strong></span> <span class='ocrx_word' id='word_1_194' title='bbox 1268 2309 1337 2367; x_wconf 88' lang='lat' dir='ltr'><strong>et</strong></span> <span class='ocrx_word' id='word_1_195' title='bbox 1378 2297 1762 2384; x_wconf 83' lang='lat' dir='ltr'><strong>dominium,</strong></span> <span class='ocrx_word' id='word_1_196' title='bbox 1807 2301 1985 2388; x_wconf 89' lang='lat' dir='ltr'><strong>quod</strong></span> <span class='ocrx_word' id='word_1_197' title='bbox 2030 2302 2191 2366; x_wconf 89' lang='lat' dir='ltr'><strong>mihi</strong></span> <span class='ocrx_word' id='word_1_198' title='bbox 2233 2311 2299 2368; x_wconf 88' lang='lat' dir='ltr'><strong>et</strong></span> <span class='ocrx_word' id='word_1_199' title='bbox 2321 2301 2674 2369; x_wconf 75' lang='lat' dir='ltr'><strong>heredibus</strong></span> <span class='ocrx_word' id='word_1_200' title='bbox 2721 2303 2890 2370; x_wconf 81' lang='lat' dir='ltr'><strong>meis</strong></span> 
     </span>
     <span class='ocr_line' id='line_1_24' title="bbox 509 2388 2888 2476; baseline -0.001 -19"><span class='ocrx_word' id='word_1_201' title='bbox 509 2392 581 2457; x_wconf 84' lang='lat' dir='ltr'><strong>in</strong></span> <span class='ocrx_word' id='word_1_202' title='bbox 628 2388 875 2456; x_wconf 86' lang='lat' dir='ltr'><strong>eisdem</strong></span> <span class='ocrx_word' id='word_1_203' title='bbox 920 2389 1151 2454; x_wconf 84' lang='lat' dir='ltr'><strong>castris</strong></span> <span class='ocrx_word' id='word_1_204' title='bbox 1194 2396 1262 2453; x_wconf 87' lang='lat' dir='ltr'><strong>et</strong></span> <span class='ocrx_word' id='word_1_205' title='bbox 1302 2388 1682 2455; x_wconf 83' lang='lat' dir='ltr'><strong>civitatibus</strong></span> <span class='ocrx_word' id='word_1_206' title='bbox 1721 2389 2051 2474; x_wconf 82' lang='lat' dir='ltr'><strong>competit,</strong></span> <span class='ocrx_word' id='word_1_207' title='bbox 2097 2389 2512 2476; x_wconf 71' lang='lat' dir='ltr'><strong>competebat</strong></span> <span class='ocrx_word' id='word_1_208' title='bbox 2555 2388 2662 2456; x_wconf 83' lang='lat' dir='ltr'><strong>vel</strong></span> <span class='ocrx_word' id='word_1_209' title='bbox 2709 2409 2888 2456; x_wconf 88' lang='lat' dir='ltr'><strong>com-</strong></span> 
     </span>
    </p>

    <p class='ocr_par' dir='ltr' id='par_1_4' title="bbox 556 2475 2885 2562">
     <span class='ocr_line' id='line_1_25' title="bbox 556 2475 2885 2562; baseline -0.001 -18"><span class='ocrx_word' id='word_1_210' title='bbox 556 2486 733 2544; x_wconf 73' lang='lat' dir='ltr'><strong>eten</strong></span> <span class='ocrx_word' id='word_1_211' title='bbox 824 2483 1033 2544; x_wconf 85' lang='lat' dir='ltr'><strong>oterat</strong></span> <span class='ocrx_word' id='word_1_212' title='bbox 1074 2476 1143 2539; x_wconf 92' lang='lat' dir='ltr'><strong>in</strong></span> <span class='ocrx_word' id='word_1_213' title='bbox 1190 2475 1502 2560; x_wconf 86' lang='lat' dir='ltr'><strong>futurum,</strong></span> <span class='ocrx_word' id='word_1_214' title='bbox 1564 2475 1811 2544; x_wconf 90' lang='lat' dir='ltr'><strong>eidem·</strong></span> <span class='ocrx_word' id='word_1_215' title='bbox 1839 2477 2103 2552; x_wconf 78' lang='lat' dir='ltr'><strong>domino</strong></span> <span class='ocrx_word' id='word_1_216' title='bbox 2149 2477 2290 2562; x_wconf 84' lang='lat' dir='ltr'><strong>regi</strong></span> <span class='ocrx_word' id='word_1_217' title='bbox 2336 2485 2401 2543; x_wconf 84' lang='lat' dir='ltr'><strong>et</strong></span> <span class='ocrx_word' id='word_1_218' title='bbox 2445 2477 2581 2544; x_wconf 86' lang='lat' dir='ltr'><strong>suis</strong></span> <span class='ocrx_word' id='word_1_219' title='bbox 2627 2477 2885 2544; x_wconf 86' lang='lat' dir='ltr'><strong>heredi·</strong></span> 
     </span>
    </p>

    <p class='ocr_par' dir='ltr' id='par_1_5' title="bbox 508 2499 2889 2825">
     <span class='ocr_line' id='line_1_26' title="bbox 558 2499 2889 2644; baseline 0 -15"><span class='ocrx_word' id='word_1_220' title='bbox 558 2585 635 2629; x_wconf 86' lang='lat' dir='ltr'><strong>us</strong></span> <span class='ocrx_word' id='word_1_221' title='bbox 680 2499 854 2641; x_wconf 58' lang='grc' dir='ltr'><strong>ἀοὲἰ,</strong></span> <span class='ocrx_word' id='word_1_222' title='bbox 919 2561 1183 2644; x_wconf 84' lang='lat' dir='ltr'><strong>tradidi,</strong></span> <span class='ocrx_word' id='word_1_223' title='bbox 1228 2561 1313 2628; x_wconf 85' lang='lat' dir='ltr'><strong>do</strong></span> <span class='ocrx_word' id='word_1_224' title='bbox 1372 2573 1439 2628; x_wconf 89' lang='lat' dir='ltr'><strong>et</strong></span> <span class='ocrx_word' id='word_1_225' title='bbox 1497 2562 1686 2628; x_wconf 87' lang='lat' dir='ltr'><strong>trado</strong></span> <span class='ocrx_word' id='word_1_226' title='bbox 1745 2573 1812 2628; x_wconf 88' lang='lat' dir='ltr'><strong>et</strong></span> <span class='ocrx_word' id='word_1_227' title='bbox 1867 2585 1909 2628; x_wconf 84' lang='lat' dir='ltr'><strong>a</strong></span> <span class='ocrx_word' id='word_1_228' title='bbox 1951 2585 2057 2630; x_wconf 88' lang='lat' dir='ltr'><strong>me</strong></span> <span class='ocrx_word' id='word_1_229' title='bbox 2101 2585 2179 2628; x_wconf 87' lang='lat' dir='ltr'><strong>ac</strong></span> <span class='ocrx_word' id='word_1_230' title='bbox 2223 2586 2264 2628; x_wconf 89' lang='lat' dir='ltr'><strong>a</strong></span> <span class='ocrx_word' id='word_1_231' title='bbox 2307 2565 2470 2630; x_wconf 88' lang='lat' dir='ltr'><strong>meis</strong></span> <span class='ocrx_word' id='word_1_232' title='bbox 2528 2561 2889 2631; x_wconf 76' lang='lat' dir='ltr'><strong>heredibus</strong></span> 
     </span>
     <span class='ocr_line' id='line_1_27' title="bbox 508 2649 2881 2736; baseline -0.001 -19"><span class='ocrx_word' id='word_1_233' title='bbox 508 2651 817 2717; x_wconf 83' lang='lat' dir='ltr'><strong>transtuli</strong></span> <span class='ocrx_word' id='word_1_234' title='bbox 862 2660 930 2716; x_wconf 90' lang='lat' dir='ltr'><strong>et</strong></span> <span class='ocrx_word' id='word_1_235' title='bbox 987 2649 1306 2716; x_wconf 85' lang='lat' dir='ltr'><strong>transfero</strong></span> <span class='ocrx_word' id='word_1_236' title='bbox 1368 2652 1437 2714; x_wconf 91' lang='lat' dir='ltr'><strong>in</strong></span> <span class='ocrx_word' id='word_1_237' title='bbox 1482 2650 1767 2730; x_wconf 87' lang='lat' dir='ltr'><strong>eosdem,</strong></span> <span class='ocrx_word' id='word_1_238' title='bbox 1829 2652 1998 2716; x_wconf 87' lang='lat' dir='ltr'><strong>sicut</strong></span> <span class='ocrx_word' id='word_1_239' title='bbox 2043 2652 2345 2736; x_wconf 82' lang='lat' dir='ltr'><strong>superius</strong></span> <span class='ocrx_word' id='word_1_240' title='bbox 2393 2652 2476 2716; x_wconf 87' lang='lat' dir='ltr'><strong>de</strong></span> <span class='ocrx_word' id='word_1_241' title='bbox 2517 2649 2790 2716; x_wconf 86' lang='lat' dir='ltr'><strong>eisdem·</strong></span> <span class='ocrx_word' id='word_1_242' title='bbox 2813 2658 2881 2717; x_wconf 87' lang='lat' dir='ltr'><strong>et</strong></span> 
     </span>
     <span class='ocr_line' id='line_1_28' title="bbox 512 2737 1255 2825; baseline -0.004 -21"><span class='ocrx_word' id='word_1_243' title='bbox 512 2737 661 2804; x_wconf 84' lang='lat' dir='ltr'><strong>aliis</strong></span> <span class='ocrx_word' id='word_1_244' title='bbox 706 2747 807 2805; x_wconf 82' lang='lat' dir='ltr'><strong>est</strong></span> <span class='ocrx_word' id='word_1_245' title='bbox 852 2758 1255 2825; x_wconf 83' lang='lat' dir='ltr'><strong>expressum.</strong></span> 
     </span>
    </p>
   </div>
   <div class='ocr_carea' id='block_1_3' title="bbox 503 2857 2889 3380">
    <p class='ocr_par' dir='ltr' id='par_1_6' title="bbox 503 2857 2889 3380">
     <span class='ocr_line' id='line_1_29' title="bbox 622 2857 2886 2949; baseline 0.002 -27"><span class='ocrx_word' id='word_1_246' title='bbox 622 2933 631 2940; x_wconf 42' lang='grc'><em>,</em></span> <span class='ocrx_word' id='word_1_247' title='bbox 687 2857 940 2946; x_wconf 87' lang='grc' dir='ltr'>(ΧΙΙῙ.)</span> <span class='ocrx_word' id='word_1_248' title='bbox 987 2858 1301 2924; x_wconf 82' lang='lat' dir='ltr'><strong>Promitte</strong></span> <span class='ocrx_word' id='word_1_249' title='bbox 1345 2858 1544 2923; x_wconf 87' lang='lat' dir='ltr'><strong>etiam</strong></span> <span class='ocrx_word' id='word_1_250' title='bbox 1593 2857 2014 2948; x_wconf 81' lang='lat' dir='ltr'><strong>stipulatione</strong></span> <span class='ocrx_word' id='word_1_251' title='bbox 2061 2859 2356 2942; x_wconf 88' lang='lat' dir='ltr'><strong>solemni,</strong></span> <span class='ocrx_word' id='word_1_252' title='bbox 2403 2860 2525 2928; x_wconf 87' lang='lat' dir='ltr'><strong>sub</strong></span> <span class='ocrx_word' id='word_1_253' title='bbox 2571 2861 2886 2949; x_wconf 82' lang='lat' dir='ltr'><strong>praestito</strong></span> 
     </span>
     <span class='ocr_line' id='line_1_30' title="bbox 503 2944 2888 3036; baseline 0.001 -25"><span class='ocrx_word' id='word_1_254' title='bbox 503 2948 902 3034; x_wconf 85' lang='lat' dir='ltr'><strong>juramento,</strong></span> <span class='ocrx_word' id='word_1_255' title='bbox 953 2953 1182 3011; x_wconf 88' lang='lat' dir='ltr'><strong>contra</strong></span> <span class='ocrx_word' id='word_1_256' title='bbox 1225 2944 1598 3031; x_wconf 89' lang='lat' dir='ltr'><strong>praedictas</strong></span> <span class='ocrx_word' id='word_1_257' title='bbox 1643 2945 2083 3028; x_wconf 82' lang='lat' dir='ltr'><strong>donationem,</strong></span> <span class='ocrx_word' id='word_1_258' title='bbox 2143 2947 2582 3030; x_wconf 83' lang='lat' dir='ltr'><strong>traditionem,</strong></span> <span class='ocrx_word' id='word_1_259' title='bbox 2626 2969 2888 3036; x_wconf 89' lang='lat' dir='ltr'><strong>permu-</strong></span> 
     </span>
     <span class='ocr_line' id='line_1_31' title="bbox 508 3033 2887 3124; baseline 0.001 -24"><span class='ocrx_word' id='word_1_260' title='bbox 508 3033 825 3100; x_wconf 76' lang='lat' dir='ltr'><strong>tationem</strong></span> <span class='ocrx_word' id='word_1_261' title='bbox 888 3042 954 3098; x_wconf 89' lang='lat' dir='ltr'><strong>et</strong></span> <span class='ocrx_word' id='word_1_262' title='bbox 999 3037 1361 3098; x_wconf 86' lang='lat' dir='ltr'><strong>cessionem</strong></span> <span class='ocrx_word' id='word_1_263' title='bbox 1422 3054 1624 3115; x_wconf 89' lang='lat' dir='ltr'><strong>meas,</strong></span> <span class='ocrx_word' id='word_1_264' title='bbox 1688 3041 1752 3098; x_wconf 89' lang='lat' dir='ltr'><strong>et</strong></span> <span class='ocrx_word' id='word_1_265' title='bbox 1815 3035 2034 3099; x_wconf 88' lang='lat' dir='ltr'><strong>omnia</strong></span> <span class='ocrx_word' id='word_1_266' title='bbox 2091 3033 2221 3098; x_wconf 89' lang='lat' dir='ltr'><strong>alia</strong></span> <span class='ocrx_word' id='word_1_267' title='bbox 2281 3043 2346 3100; x_wconf 89' lang='lat' dir='ltr'><strong>et</strong></span> <span class='ocrx_word' id='word_1_268' title='bbox 2390 3036 2491 3100; x_wconf 87' lang='lat' dir='ltr'><strong>sin</strong></span> <span class='ocrx_word' id='word_1_269' title='bbox 2543 3034 2670 3114; x_wconf 81' lang='lat' dir='ltr'><strong>ula,</strong></span> <span class='ocrx_word' id='word_1_270' title='bbox 2715 3056 2887 3124; x_wconf 77' lang='lat' dir='ltr'><strong>quae</strong></span> 
     </span>
     <span class='ocr_line' id='line_1_32' title="bbox 511 3119 2889 3208; baseline 0.001 -23"><span class='ocrx_word' id='word_1_271' title='bbox 511 3122 582 3186; x_wconf 91' lang='lat' dir='ltr'><strong>in</strong></span> <span class='ocrx_word' id='word_1_272' title='bbox 627 3119 959 3208; x_wconf 82' lang='lat' dir='ltr'><strong>praesenti</strong></span> <span class='ocrx_word' id='word_1_273' title='bbox 1004 3121 1422 3186; x_wconf 88' lang='lat' dir='ltr'><strong>continentur</strong></span> <span class='ocrx_word' id='word_1_274' title='bbox 1467 3128 1826 3203; x_wconf 87' lang='lat' dir='ltr'><strong>contractu,</strong></span> <span class='ocrx_word' id='word_1_275' title='bbox 1873 3141 2006 3186; x_wconf 89' lang='lat' dir='ltr'><strong>non</strong></span> <span class='ocrx_word' id='word_1_276' title='bbox 2041 3122 2268 3189; x_wconf 86' lang='lat' dir='ltr'><strong>venire</strong></span> <span class='ocrx_word' id='word_1_277' title='bbox 2315 3143 2438 3188; x_wconf 89' lang='lat' dir='ltr'><strong>nec</strong></span> <span class='ocrx_word' id='word_1_278' title='bbox 2511 3143 2722 3204; x_wconf 85' lang='lat' dir='ltr'><strong>acere,</strong></span> <span class='ocrx_word' id='word_1_279' title='bbox 2767 3144 2889 3208; x_wconf 85' lang='lat' dir='ltr'><strong>per</strong></span> 
     </span>
     <span class='ocr_line' id='line_1_33' title="bbox 510 3205 2886 3294; baseline 0.001 -22"><span class='ocrx_word' id='word_1_280' title='bbox 510 3227 614 3274; x_wconf 88' lang='lat' dir='ltr'><strong>me</strong></span> <span class='ocrx_word' id='word_1_281' title='bbox 660 3217 772 3272; x_wconf 90' lang='lat' dir='ltr'><strong>aut</strong></span> <span class='ocrx_word' id='word_1_282' title='bbox 816 3205 1017 3270; x_wconf 89' lang='lat' dir='ltr'><strong>alium</strong></span> <span class='ocrx_word' id='word_1_283' title='bbox 1063 3205 1171 3272; x_wconf 80' lang='lat' dir='ltr'><strong>vel</strong></span> <span class='ocrx_word' id='word_1_284' title='bbox 1218 3205 1402 3289; x_wconf 83' lang='lat' dir='ltr'><strong>alios,</strong></span> <span class='ocrx_word' id='word_1_285' title='bbox 1462 3216 1758 3292; x_wconf 85' lang='lat' dir='ltr'><strong>tempore</strong></span> <span class='ocrx_word' id='word_1_286' title='bbox 1819 3206 1953 3272; x_wconf 90' lang='lat' dir='ltr'><strong>ullo</strong></span> <span class='ocrx_word' id='word_1_287' title='bbox 2001 3229 2310 3294; x_wconf 84' lang='lat' dir='ltr'><strong>unquam,</strong></span> <span class='ocrx_word' id='word_1_288' title='bbox 2369 3206 2485 3274; x_wconf 88' lang='lat' dir='ltr'><strong>sed</strong></span> <span class='ocrx_word' id='word_1_289' title='bbox 2544 3217 2788 3293; x_wconf 63' lang='lat' dir='ltr'><strong>tenere⁸</strong></span> <span class='ocrx_word' id='word_1_290' title='bbox 2819 3217 2886 3276; x_wconf 87' lang='lat' dir='ltr'><strong>et</strong></span> 
     </span>
     <span class='ocr_line' id='line_1_34' title="bbox 512 3292 1217 3380; baseline -0.003 -21"><span class='ocrx_word' id='word_1_291' title='bbox 512 3295 789 3360; x_wconf 87' lang='lat' dir='ltr'><strong>firmiter</strong></span> <span class='ocrx_word' id='word_1_292' title='bbox 834 3292 1217 3380; x_wconf 85' lang='lat' dir='ltr'><strong>adimplere.</strong></span> 
     </span>
    </p>
   </div>
   <div class='ocr_carea' id='block_1_4' title="bbox 515 3404 2893 4172">
    <p class='ocr_par' dir='ltr' id='par_1_7' title="bbox 515 3404 2893 4172">
     <span class='ocr_line' id='line_1_35' title="bbox 520 3404 2892 3496; baseline 0.002 -24"><span class='ocrx_word' id='word_1_293' title='bbox 520 3475 529 3480; x_wconf 78' lang='grc'><strong>,</strong></span> <span class='ocrx_word' id='word_1_294' title='bbox 692 3405 932 3495; x_wconf 89' lang='lat' dir='ltr'>(XIV.)</span> <span class='ocrx_word' id='word_1_295' title='bbox 980 3405 1131 3492; x_wconf 85' lang='lat' dir='ltr'><strong>Ipse</strong></span> <span class='ocrx_word' id='word_1_296' title='bbox 1175 3427 1435 3494; x_wconf 85' lang='lat' dir='ltr'><strong>quoque</strong></span> <span class='ocrx_word' id='word_1_297' title='bbox 1480 3404 1787 3472; x_wconf 88' lang='lat' dir='ltr'><strong>dominus</strong></span> <span class='ocrx_word' id='word_1_298' title='bbox 1831 3428 1971 3490; x_wconf 74' lang='lat' dir='ltr'><strong>reX,</strong></span> <span class='ocrx_word' id='word_1_299' title='bbox 2017 3429 2057 3474; x_wconf 90' lang='lat' dir='ltr'><strong>a</strong></span> <span class='ocrx_word' id='word_1_300' title='bbox 2109 3429 2210 3473; x_wconf 90' lang='lat' dir='ltr'><strong>me</strong></span> <span class='ocrx_word' id='word_1_301' title='bbox 2269 3409 2454 3496; x_wconf 79' lang='lat' dir='ltr'><strong>prius</strong></span> <span class='ocrx_word' id='word_1_302' title='bbox 2513 3415 2580 3475; x_wconf 86' lang='lat' dir='ltr'><strong>et</strong></span> <span class='ocrx_word' id='word_1_303' title='bbox 2622 3429 2738 3496; x_wconf 87' lang='lat' dir='ltr'><strong>per</strong></span> <span class='ocrx_word' id='word_1_304' title='bbox 2781 3431 2892 3476; x_wconf 86' lang='lat' dir='ltr'><strong>me</strong></span> 
     </span>
     <span class='ocr_line' id='line_1_36' title="bbox 515 3492 2888 3577; baseline 0 -16"><span class='ocrx_word' id='word_1_305' title='bbox 515 3503 861 3577; x_wconf 83' lang='lat' dir='ltr'><strong>terrarum,</strong></span> <span class='ocrx_word' id='word_1_306' title='bbox 909 3502 1273 3560; x_wconf 86' lang='lat' dir='ltr'><strong>castrorum</strong></span> <span class='ocrx_word' id='word_1_307' title='bbox 1335 3502 1403 3559; x_wconf 91' lang='lat' dir='ltr'><strong>et</strong></span> <span class='ocrx_word' id='word_1_308' title='bbox 1461 3494 1803 3560; x_wconf 83' lang='lat' dir='ltr'><strong>civitatum</strong></span> <span class='ocrx_word' id='word_1_309' title='bbox 1861 3515 1942 3559; x_wconf 88' lang='lat' dir='ltr'><strong>ac</strong></span> <span class='ocrx_word' id='word_1_310' title='bbox 2000 3492 2278 3560; x_wconf 85' lang='lat' dir='ltr'><strong>aliorum</strong></span> <span class='ocrx_word' id='word_1_311' title='bbox 2337 3496 2633 3562; x_wconf 80' lang='lat' dir='ltr'><strong>omnium</strong></span> <span class='ocrx_word' id='word_1_312' title='bbox 2680 3495 2888 3562; x_wconf 81' lang='lat' dir='ltr'><strong>bono·</strong></span> 
     </span>
     <span class='ocr_line' id='line_1_37' title="bbox 517 3579 2891 3667; baseline 0 -19"><span class='ocrx_word' id='word_1_313' title='bbox 517 3605 661 3648; x_wconf 88' lang='lat' dir='ltr'><strong>rum</strong></span> <span class='ocrx_word' id='word_1_314' title='bbox 707 3600 1021 3663; x_wconf 89' lang='lat' dir='ltr'><strong>meorum,</strong></span> <span class='ocrx_word' id='word_1_315' title='bbox 1070 3602 1239 3667; x_wconf 87' lang='lat' dir='ltr'><strong>quae</strong></span> <span class='ocrx_word' id='word_1_316' title='bbox 1284 3580 1407 3646; x_wconf 87' lang='lat' dir='ltr'><strong>sibi</strong></span> <span class='ocrx_word' id='word_1_317' title='bbox 1434 3602 1551 3666; x_wconf 86' lang='lat' dir='ltr'><strong>per</strong></span> <span class='ocrx_word' id='word_1_318' title='bbox 1573 3582 2146 3648; x_wconf 82' lang='lat' dir='ltr'><strong>commutationem</strong></span> <span class='ocrx_word' id='word_1_319' title='bbox 2175 3579 2576 3667; x_wconf 77' lang='lat' dir='ltr'><strong>praedictam</strong></span> <span class='ocrx_word' id='word_1_320' title='bbox 2623 3581 2776 3648; x_wconf 83' lang='lat' dir='ltr'><strong>dedi</strong></span> <span class='ocrx_word' id='word_1_321' title='bbox 2823 3591 2891 3650; x_wconf 88' lang='lat' dir='ltr'><strong>et</strong></span> 
     </span>
     <span class='ocr_line' id='line_1_38' title="bbox 519 3667 2889 3756; baseline 0 -20"><span class='ocrx_word' id='word_1_322' title='bbox 519 3667 780 3744; x_wconf 84' lang='lat' dir='ltr'><strong>tradidi,</strong></span> <span class='ocrx_word' id='word_1_323' title='bbox 825 3667 1022 3755; x_wconf 83' lang='lat' dir='ltr'><strong>plene</strong></span> <span class='ocrx_word' id='word_1_324' title='bbox 1064 3669 1481 3755; x_wconf 83' lang='lat' dir='ltr'><strong>possessione</strong></span> <span class='ocrx_word' id='word_1_325' title='bbox 1521 3677 1808 3756; x_wconf 85' lang='lat' dir='ltr'><strong>recepta,</strong></span> <span class='ocrx_word' id='word_1_326' title='bbox 1853 3670 2074 3736; x_wconf 78' lang='lat' dir='ltr'><strong>statim</strong></span> <span class='ocrx_word' id='word_1_327' title='bbox 2103 3667 2184 3736; x_wconf 87' lang='lat' dir='ltr'><strong>de</strong></span> <span class='ocrx_word' id='word_1_328' title='bbox 2227 3669 2534 3736; x_wconf 85' lang='lat' dir='ltr'><strong>Dresden</strong></span> <span class='ocrx_word' id='word_1_329' title='bbox 2581 3691 2730 3736; x_wconf 87' lang='lat' dir='ltr'><strong>cum</strong></span> <span class='ocrx_word' id='word_1_330' title='bbox 2777 3669 2889 3736; x_wconf 89' lang='lat' dir='ltr'><strong>do·</strong></span> 
     </span>
     <span class='ocr_line' id='line_1_39' title="bbox 516 3755 2886 3824; baseline 0.001 -3"><span class='ocrx_word' id='word_1_331' title='bbox 516 3758 697 3822; x_wconf 85' lang='lat' dir='ltr'><strong>mina</strong></span> <span class='ocrx_word' id='word_1_332' title='bbox 754 3763 819 3822; x_wconf 88' lang='lat' dir='ltr'><strong>et</strong></span> <span class='ocrx_word' id='word_1_333' title='bbox 875 3764 1083 3822; x_wconf 85' lang='lat' dir='ltr'><strong>matre</strong></span> <span class='ocrx_word' id='word_1_334' title='bbox 1140 3776 1289 3821; x_wconf 87' lang='lat' dir='ltr'><strong>mea</strong></span> <span class='ocrx_word' id='word_1_335' title='bbox 1344 3755 1700 3824; x_wconf 86' lang='lat' dir='ltr'><strong>Benesium</strong></span> <span class='ocrx_word' id='word_1_336' title='bbox 1760 3757 2190 3822; x_wconf 84' lang='lat' dir='ltr'><strong>camerarium</strong></span> <span class='ocrx_word' id='word_1_337' title='bbox 2255 3756 2336 3822; x_wconf 90' lang='lat' dir='ltr'><strong>de</strong></span> <span class='ocrx_word' id='word_1_338' title='bbox 2397 3755 2886 3824; x_wconf 78' lang='lat' dir='ltr'><strong>Warthenberc</strong></span> 
     </span>
     <span class='ocr_line' id='line_1_40' title="bbox 518 3841 2890 3931; baseline 0 -21"><span class='ocrx_word' id='word_1_339' title='bbox 518 3841 627 3910; x_wconf 82' lang='lat' dir='ltr'><strong>vel</strong></span> <span class='ocrx_word' id='word_1_340' title='bbox 671 3841 876 3908; x_wconf 85' lang='lat' dir='ltr'><strong>alium</strong></span> <span class='ocrx_word' id='word_1_341' title='bbox 938 3841 1251 3908; x_wconf 85' lang='lat' dir='ltr'><strong>baronem</strong></span> <span class='ocrx_word' id='word_1_342' title='bbox 1299 3863 1507 3925; x_wconf 91' lang='lat' dir='ltr'><strong>suum,</strong></span> <span class='ocrx_word' id='word_1_343' title='bbox 1554 3843 1639 3908; x_wconf 91' lang='lat' dir='ltr'><strong>ad</strong></span> <span class='ocrx_word' id='word_1_344' title='bbox 1685 3842 2154 3928; x_wconf 84' lang='lat' dir='ltr'><strong>assignandum</strong></span> <span class='ocrx_word' id='word_1_345' title='bbox 2201 3851 2267 3910; x_wconf 90' lang='lat' dir='ltr'><strong>et</strong></span> <span class='ocrx_word' id='word_1_346' title='bbox 2311 3844 2890 3931; x_wconf 78' lang='lat' dir='ltr'><strong>praesentandum,</strong></span> 
     </span>
     <span class='ocr_line' id='line_1_41' title="bbox 521 3929 2890 4017; baseline 0.002 -22"><span class='ocrx_word' id='word_1_347' title='bbox 521 3929 734 3995; x_wconf 84' lang='lat' dir='ltr'><strong>dictae</strong></span> <span class='ocrx_word' id='word_1_348' title='bbox 780 3929 1083 3995; x_wconf 88' lang='lat' dir='ltr'><strong>dominae</strong></span> <span class='ocrx_word' id='word_1_349' title='bbox 1127 3937 1192 3994; x_wconf 89' lang='lat' dir='ltr'><strong>et</strong></span> <span class='ocrx_word' id='word_1_350' title='bbox 1234 3931 1425 3994; x_wconf 85' lang='lat' dir='ltr'><strong>matri</strong></span> <span class='ocrx_word' id='word_1_351' title='bbox 1471 3951 1672 4007; x_wconf 86' lang='lat' dir='ltr'><strong>meae,</strong></span> <span class='ocrx_word' id='word_1_352' title='bbox 1735 3929 1878 3996; x_wconf 85' lang='lat' dir='ltr'><strong>loco</strong></span> <span class='ocrx_word' id='word_1_353' title='bbox 1923 3938 1989 3998; x_wconf 85' lang='lat' dir='ltr'><strong>et</strong></span> <span class='ocrx_word' id='word_1_354' title='bbox 2032 3931 2178 3998; x_wconf 82' lang='lat' dir='ltr'><strong>vice</strong></span> <span class='ocrx_word' id='word_1_355' title='bbox 2234 3933 2364 3996; x_wconf 87' lang='lat' dir='ltr'><strong>mei</strong></span> <span class='ocrx_word' id='word_1_356' title='bbox 2407 3933 2890 4017; x_wconf 80' lang='lat' dir='ltr'><strong>possessionem</strong></span> 
     </span>
     <span class='ocr_line' id='line_1_42' title="bbox 522 4017 2893 4104; baseline -0.001 -18"><span class='ocrx_word' id='word_1_357' title='bbox 522 4025 901 4099; x_wconf 80' lang='lat' dir='ltr'><strong>castrorum,</strong></span> <span class='ocrx_word' id='word_1_358' title='bbox 960 4017 1394 4083; x_wconf 88' lang='lat' dir='ltr'><strong>munitionum</strong></span> <span class='ocrx_word' id='word_1_359' title='bbox 1455 4026 1522 4083; x_wconf 88' lang='lat' dir='ltr'><strong>et</strong></span> <span class='ocrx_word' id='word_1_360' title='bbox 1586 4017 1913 4084; x_wconf 84' lang='lat' dir='ltr'><strong>redituum</strong></span> <span class='ocrx_word' id='word_1_361' title='bbox 1977 4018 2464 4104; x_wconf 86' lang='lat' dir='ltr'><strong>praedictorum·</strong></span> <span class='ocrx_word' id='word_1_362' title='bbox 2495 4019 2760 4104; x_wconf 74' lang='lat' dir='ltr'><strong>:diriget</strong></span> <span class='ocrx_word' id='word_1_363' title='bbox 2827 4027 2893 4086; x_wconf 91' lang='lat' dir='ltr'><strong>et</strong></span> 
     </span>
     <span class='ocr_line' id='line_1_43' title="bbox 524 4105 940 4172; baseline -0.007 -2"><span class='ocrx_word' id='word_1_364' title='bbox 524 4105 940 4172; x_wconf 82' lang='lat' dir='ltr'><strong>transmittet.</strong></span> 
     </span>
    </p>
   </div>
   <div class='ocr_carea' id='block_1_5' title="bbox 522 4215 2890 4392">
    <p class='ocr_par' dir='ltr' id='par_1_8' title="bbox 522 4215 2890 4392">
     <span class='ocr_line' id='line_1_44' title="bbox 610 4215 2890 4303; baseline 0.002 -20"><span class='ocrx_word' id='word_1_365' title='bbox 610 4253 617 4262; x_wconf 90' lang='lat'><strong>·</strong></span> <span class='ocrx_word' id='word_1_366' title='bbox 695 4215 895 4303; x_wconf 79' lang='lat' dir='ltr'>(XV.)</span> <span class='ocrx_word' id='word_1_367' title='bbox 940 4215 1072 4298; x_wconf 77' lang='lat' dir='ltr'><strong>Qui</strong></span> <span class='ocrx_word' id='word_1_368' title='bbox 1128 4215 1494 4303; x_wconf 75' lang='lat' dir='ltr'><strong>assignabit</strong></span> <span class='ocrx_word' id='word_1_369' title='bbox 1554 4223 1621 4283; x_wconf 92' lang='lat' dir='ltr'><strong>et</strong></span> <span class='ocrx_word' id='word_1_370' title='bbox 1711 4215 2120 4284; x_wconf 85' lang='lat' dir='ltr'><strong>raesentabit</strong></span> <span class='ocrx_word' id='word_1_371' title='bbox 2182 4217 2392 4285; x_wconf 84' lang='lat' dir='ltr'><strong>eidem</strong></span> <span class='ocrx_word' id='word_1_372' title='bbox 2453 4219 2760 4286; x_wconf 86' lang='lat' dir='ltr'><strong>dominae</strong></span> <span class='ocrx_word' id='word_1_373' title='bbox 2821 4227 2890 4287; x_wconf 88' lang='lat' dir='ltr'><strong>et</strong></span> 
     </span>
     <span class='ocr_line' id='line_1_45' title="bbox 522 4301 2885 4392; baseline -0.001 -18"><span class='ocrx_word' id='word_1_374' title='bbox 522 4305 715 4374; x_wconf 81' lang='lat' dir='ltr'><strong>matri</strong></span> <span class='ocrx_word' id='word_1_375' title='bbox 785 4325 967 4368; x_wconf 85' lang='lat' dir='ltr'><strong>meae</strong></span> <span class='ocrx_word' id='word_1_376' title='bbox 1026 4301 1170 4368; x_wconf 91' lang='lat' dir='ltr'><strong>loco</strong></span> <span class='ocrx_word' id='word_1_377' title='bbox 1238 4304 1363 4370; x_wconf 89' lang='lat' dir='ltr'><strong>mei</strong></span> <span class='ocrx_word' id='word_1_378' title='bbox 1440 4311 1507 4368; x_wconf 88' lang='lat' dir='ltr'><strong>et</strong></span> <span class='ocrx_word' id='word_1_379' title='bbox 1564 4305 1651 4366; x_wconf 86' lang='lat' dir='ltr'><strong>mi</strong></span> <span class='ocrx_word' id='word_1_380' title='bbox 1703 4305 1744 4385; x_wconf 89' lang='lat' dir='ltr'><strong>i,</strong></span> <span class='ocrx_word' id='word_1_381' title='bbox 1821 4313 2166 4392; x_wconf 80' lang='lat' dir='ltr'><strong>postquam</strong></span> <span class='ocrx_word' id='word_1_382' title='bbox 2229 4305 2310 4372; x_wconf 89' lang='lat' dir='ltr'><strong>de</strong></span> <span class='ocrx_word' id='word_1_383' title='bbox 2369 4306 2673 4384; x_wconf 86' lang='lat' dir='ltr'><strong>Dresden</strong></span> <span class='ocrx_word' id='word_1_384' title='bbox 2735 4325 2885 4372; x_wconf 87' lang='lat' dir='ltr'><strong>cum</strong></span> 
     </span>
    </p>
   </div>
   <div class='ocr_carea' id='block_1_6' title="bbox 3131 3067 3137 3641">
    <p class='ocr_par' dir='ltr' id='par_1_9' title="bbox 3131 3067 3137 3641">
     <span class='ocr_line' id='line_1_46' title="bbox 3131 3067 3137 3641; baseline 0 0"><span class='ocrx_word' id='word_1_385' title='bbox 3131 3067 3137 3641; x_wconf 95' lang='lat' dir='ltr'><strong> </strong></span> 
     </span>
    </p>
   </div>
  </div>
 </body>
</html>
