3150 5017
1178 1416 1301 1485 Jus
1346 1416 1584 1505 Reqale
1627 1416 2080 1483 Montanorum
2123 1418 2362 1503 incipit.

748 1592 1183 1661 wenceslaus
1207 1592 1336 1657 Dei
1363 1592 1577 1678 gratia
1625 1591 1972 1672 secundus,
2019 1612 2141 1655 rex
2165 1588 2540 1665 Bohemiae,
2585 1589 2697 1674 qui
2742 1590 2924 1672 primo

572 1702 850 1767 regnum
896 1680 1213 1745 Poloniae
1257 1679 1404 1745 Deo
1452 1679 1774 1744 auxilium
1838 1686 2110 1764 parante
2171 1677 2192 1740 i
2243 1677 2299 1741 si
2342 1697 2546 1761 regno
2590 1676 2925 1741 Bohemise

569 1765 977 1854 coadjunxit,
1058 1768 1388 1833 montanis
1450 1767 1588 1829 suis
1648 1788 1768 1851 per
1844 1786 2120 1849 regnum
2239 1762 2536 1833 ohemiae
2595 1762 2927 1842 universis,

565 1856 844 1941 gratiam
890 1874 1103 1937 suam,
1150 1863 1215 1921 et
1259 1853 1436 1918 hunc
1500 1848 1765 1935 librum,
1815 1861 1881 1917 et
1921 1854 1992 1916 in
2054 1874 2130 1916 eo
2194 1870 2419 1916 veram
2473 1850 2648 1937 juris
2693 1856 2926 1915 monta-

564 1963 799 2009 norum
846 1962 1245 2027 cognoscere
1291 1940 1662 2008 veritatem.
1975 1968 1979 1972 ’
2627 1971 2630 1973 v

1173 2390 1473 2477 Sequitur
1505 2388 1900 2475 prooemium
1945 2387 2101 2453 libri
2139 2388 2347 2473 hujus.

735 2512 932 2577 Pater
974 2512 1288 2598 ingenite,
1362 2508 1511 2577 fons
1588 2510 1792 2575 totius
1851 2508 2188 2590 bonitatis,
2266 2510 2378 2596 qui
2439 2518 2514 2575 ut
2573 2508 2930 2576 humanum

560 2620 771 2685 genus
815 2596 1105 2685 perfecte
1166 2599 1495 2678 uniretur,
1554 2594 1739 2681 leges
1803 2596 2286 2660 sacratissimas
2343 2612 2464 2681 per
2523 2618 2642 2663 ora
2702 2598 2930 2685 princi-

557 2707 717 2773 pum
762 2684 1082 2751 divinitus
1125 2683 1477 2772 protulisti,
1524 2704 1694 2769 auge
1739 2684 1812 2749 in
1858 2682 2051 2747 nobis
2099 2682 2511 2771 supplicibus
2556 2683 2725 2749 Tuis
2776 2685 2929 2771 ejus-

561 2773 709 2838 dem
757 2773 1381 2857 gratiae.virtutem,
1424 2778 1499 2835 ut
1544 2771 1640 2835 sic
1697 2766 2009 2835 fidelibus
2070 2767 2401 2835 montanis
2461 2772 2710 2836 nostris
2761 2773 2931 2859 (quo-

557 2880 701 2925 rum
748 2882 882 2925 non
934 2858 1154 2926 solum
1216 2880 1489 2945 regnum
1549 2865 1870 2938 nostrum,
1930 2856 2129 2922 immo
2174 2857 2525 2923 universus
2583 2856 2777 2925 orbis
2821 2869 2931 2923 ter-

556 2967 779 3012 rarum
818 2946 955 3031 jam
1018 2944 1356 3012 laboribus
1403 2942 1810 3027 consolatur)
1860 2940 2040 3028 leges
2089 2942 2284 3011 edere
2327 2942 2695 3027 valeamus,
2764 2943 2931 3032 quod

556 3031 748 3099 nobis
792 3032 875 3097 ad
924 3030 1199 3097 salutem
1261 3032 1553 3120 ipsisque
1630 3030 1932 3118 proficiat
1992 3026 2078 3093 ad
2142 3031 2428 3117 quietem
2491 3040 2555 3096 et
2613 3030 2933 3098 ineffabili

554 3120 808 3184 nomini
876 3119 1019 3184 Tuo
1080 3118 1167 3183 ad
1216 3117 1495 3205 gloriam
1556 3126 1622 3183 et
1667 3117 2019 3201 honorem3
2067 3118 2161 3181 sic
2222 3118 2398 3182 enim
2443 3126 2710 3205 oportet
2759 3122 2933 3206 prius

556 3206 831 3289 animas,
892 3204 1130 3272 deinde
1190 3204 1451 3292 linguas
1510 3204 1656 3269 fieri
1720 3202 2028 3267 eruditas.
2090 3203 2271 3289 Ergo
2318 3222 2501 3269 more
2549 3204 2751 3271 solito
2801 3208 2934 3292 ejus

556 3292 805 3357 auxilio
850 3292 1178 3375 invocat0‚
1242 3295 1357 3379 qui
1417 3292 1613 3357 Pater
1675 3299 1776 3356 est
1819 3289 2144 3354 luminum
2207 3299 2272 3355 et
2317 3291 2606 3355 omnium
2655 3292 2937 3358 lumina-

552 3380 803 3444 tionum
831 3380 1227 3466 principium
1274 3389 1339 3445 et
1383 3400 1424 3443 a
1467 3399 1598 3465 quo
1645 3377 1868 3441 omnia
1892 3375 2046 3440 data
2071 3378 2318 3462 optima
2346 3376 2582 3459 fluunt,
2629 3376 2935 3467 donaque

553 3465 847 3549 perfecta
872 3464 1317 3531 descendunt:
1367 3466 1736 3545 statuimus,
1763 3470 2038 3527 cunctos
2068 3473 2436 3549 montanos,
2483 3482 2649 3550 quos
2676 3466 2932 3553 Magni·

552 3550 867 3617 ficenciae
891 3552 1171 3618 Nostrae
1217 3552 1386 3641 regit
1422 3546 1773 3637 judicium,
1821 3546 1942 3614 sub
1987 3546 2115 3614 hiis
2152 3539 2325 3637 suris
2371 3554 2773 3639 praeceptis,
2822 3552 2936 3619 sci·

550 3636 708 3705 licet
748 3638 1024 3705 honeste
1069 3640 1317 3720 vivere,
1362 3634 1644 3704 alterum
1690 3659 1824 3703 non
1868 3634 2151 3712 laedere,
2187 3638 2302 3722 jus
2329 3659 2520 3703 suum
2569 3640 2934 3728 unicuique

550 3724 862 3806 tribuere,
908 3726 1179 3791 honeste
1241 3727 1638 3790 conversari.
1728 3722 1860 3788 Sed
1917 3730 2139 3787 tamen
2184 3744 2334 3788 cum
2383 3724 2652 3790 cottidie
2705 3737 2936 3792 contra

550 3808 730 3897 leges
776 3813 993 3897 agitur
1036 3819 1101 3877 et
1146 3812 1302 3877 mali
1350 3810 1522 3877 male
1567 3810 1786 3875 facere
1831 3828 1964 3873 non
2007 3818 2342 3892 verentur,
2402 3810 2550 3876 ideo
2595 3832 2682 3877 ne
2735 3814 2934 3879 male-

547 3896 699 3961 ficia
744 3907 1056 3963 maneant
1098 3898 1423 3985 impunita
1465 3918 1682 3983 neque
1715 3896 1868 3960 facti
1919 3896 2312 3979 perversitas
2359 3902 2931 3983 praesumtoribus

548 3992 845 4050 transeat
885 3985 957 4049 in
982 3984 1378 4071 exemplum,
1424 3984 1821 4051 necessitate
1862 3984 2394 4069 constringimur,
2440 3985 2679 4050 noxios
2733 4008 2930 4075 appe-

547 4074 704 4135 titus
748 4070 870 4135 sub
906 4072 1077 4157 juris
1101 4070 1347 4157 regulis
1394 4070 1696 4152 limitare,
1741 4076 1815 4133 ut
1859 4068 2016 4133 mali
2062 4078 2238 4135 metu
2283 4092 2538 4157 poenae
2587 4070 2754 4137 boni
2804 4074 2934 4141 effi·

550 4157 826 4239 dantur,
870 4178 949 4222 ac
993 4155 1150 4222 boni
1171 4158 1343 4244 juris
1388 4159 1681 4244 praemio
1725 4155 2066 4236 meliores3
2114 4156 2280 4221 nihil
2324 4159 2500 4222 enim
2547 4155 2932 4226 obedientia

548 4242 888 4331 prodesset
957 4241 1336 4324 humilibus,
1399 4245 1455 4308 si
1524 4250 1942 4329 contemptus
2003 4243 2504 4309 contumacibus
2549 4265 2686 4311 non
2739 4246 2927 4315 obes-

550 4337 682 4416 set;
729 4329 824 4395 sic
868 4350 1024 4417 ergo
1048 4336 1341 4395 nostrum
1366 4331 1776 4418 propositum
1801 4328 2202 4397 inchoemus.
2248 4330 2464 4413 Quam
2487 4332 2930 4403 intentionem
