3150 5017
1539 268 2022 385 -allss—

596 446 815 512 lonem
844 467 1033 511 suum
1062 445 1503 518 necessarium
1534 442 1739 513 habu-

596 534 740 600 erit:
787 541 1081 618 quartam
1134 541 1383 614 partem
1426 532 1741 615 expensis

598 617 966 685 elaborabit
1011 628 1077 681 et
1121 617 1459 683 obtinebit.

774 709 833 787 ξ.
862 706 919 769 7.
945 704 1109 769 Item
1138 704 1535 789 ubicumque
1554 726 1742 771 mons

599 791 1076 858 mensurandus
1100 790 1313 871 fuerit,
1340 789 1742 876 impediente

598 878 786 943 laneo
834 880 1075 943 montis
1120 878 1383 958 civium,
1430 876 1606 962 quod
1653 877 1738 943 ad

606 966 823 1029 minus
867 975 1001 1029 tres
1046 964 1271 1029 laneos
1302 973 1369 1029 et
1400 962 1744 1030 dimidium

607 1050 903 1117 obtinere
949 1074 1079 1115 non
1113 1051 1379 1137 poterit:
1414 1048 1747 1135 praedicta

608 1160 919 1203 mensura
965 1140 1118 1203 novi
1170 1138 1406 1207 montis
1452 1138 1519 1201 in
1558 1139 1746 1203 metis

605 1224 779 1289 lanei
826 1225 1067 1291 civium
1116 1234 1329 1289 sumet
1373 1224 1654 1303 initium,
1681 1232 1748 1287 ot

606 1313 704 1377 sic
748 1333 1119 1377 mensuram
1168 1310 1453 1377 debitam
1496 1310 1746 1376 obtine·

610 1396 703 1461 bit
728 1409 977 1483 septem
1004 1398 1327 1465 laniorum
1352 1423 1367 1475 ς
1394 1407 1618 1482 postea
1638 1396 1746 1462 do-

610 1486 786 1549 mino
833 1486 970 1568 regi
1033 1485 1221 1565 duos,
1281 1486 1522 1569 juratis
1585 1483 1748 1548 duos

610 1570 1106 1636 mensurabunt.

790 1662 851 1739 ξ.
900 1658 958 1721 8.
1008 1657 1080 1722 Si
1126 1667 1343 1723 autem
1388 1656 1561 1721 infra
1588 1656 1750 1721 duos

614 1753 868 1817 montes
896 1752 1307 1810 mensuratos
1322 1764 1535 1809 novus
1563 1764 1750 1807 mons

615 1829 1103 1896 mensurabitur
1148 1840 1212 1895 et
1258 1828 1543 1896 debitam
1572 1851 1750 1895 men-

614 1938 829 1981 suram
862 1915 1155 1984 obtinere
1204 1917 1458 2002 poterit,
1502 1915 1751 1981 scilicet

612 2005 899 2067 omnium
949 2004 1295 2081 laniorum,
1351 2011 1509 2067 tunc
1570 2024 1750 2071 men-

610 2100 895 2168 suretur3
915 2102 979 2154 et
1000 2092 1051 2154 si
1072 2090 1294 2157 habita
1318 2111 1625 2155 mensura
1641 2088 1751 2153 alii

615 2176 773 2263 quid
796 2176 1211 2261 superfuerit,
1234 2175 1481 2244 scilicet
1498 2176 1754 2243 duobus

612 2262 823 2333 laneis
850 2264 1025 2349 quod
1060 2263 1300 2330 dicitur
1318 2286 1357 2327 u
1380 2262 1419 2327 b
1438 2284 1473 2329 e
1490 2286 1521 2327 r
1544 2284 1628 2327 sc
1647 2285 1684 2327 a
1701 2286 1752 2344 r,

610 2348 703 2413 ad
750 2372 907 2413 usus
948 2348 1138 2415 cedet
1176 2350 1618 2434 burgensium.

744 2444 749 2479 ἱ
792 2440 849 2517 ἕ.
898 2436 957 2499 9.
1005 2435 1168 2509 Item
1217 2438 1270 2501 si
1326 2437 1473 2522 quis
1534 2445 1606 2499 ut
1651 2458 1754 2501 su-

612 2522 834 2607 perius
881 2520 1121 2586 dictum
1171 2532 1286 2603 est,
1332 2544 1449 2608 per
1478 2543 1749 2590 consen-

622 2630 763 2674 sum
835 2607 1072 2691 judicis
1128 2619 1190 2673 et
1250 2611 1618 2692 juratorum
1687 2619 1752 2673 et

609 2692 787 2779 illius
832 2696 943 2780 qui
990 2706 1241 2762 montes
1272 2697 1565 2781 porrigit,
1599 2694 1750 2761 stol-

612 2780 831 2853 Ionem
878 2782 1251 2864 initiaverit,
1312 2792 1378 2847 et
1436 2781 1605 2847 alter
1647 2802 1752 2847 su-

618 2869 1010 2950 perveniens
1072 2878 1223 2933 ante
1287 2870 1501 2954 ipsum
1565 2878 1753 2936 extra

615 2952 907 3022 debitam
970 2976 1341 3021 mensuram
1401 2956 1600 3019 trium
1660 2954 1752 3019 la-

612 3042 868 3105 niorum
934 3052 999 3105 et
1060 3040 1312 3105 dimidii
1374 3062 1489 3124 per
1550 3039 1751 3111 alium

614 3124 957 3199 stollonem
997 3126 1099 3191 vel
1126 3149 1242 3213 per
1274 3148 1756 3213 quamcumque

614 3214 871 3287 foveam
936 3214 1113 3298 prior
1172 3212 1527 3299 metallum*
1574 3215 1754 3281 inve-

617 3301 816 3365 nerit:
868 3298 1036 3365 datis
1082 3298 1359 3368 testibus
1406 3310 1471 3365 et
1508 3301 1753 3365 exami-

613 3388 785 3450 natis
832 3388 1044 3463 causis
1090 3387 1619 3453 mensuram'VII
1661 3385 1754 3454 la·

616 3473 870 3545 nicrum
967 3476 1099 3539 rior
1143 3473 1478 3539 obtinebit.

786 3558 867 3623 V.
980 3558 1234 3628 olumus
1263 3560 1479 3641 etiam,
1513 3568 1584 3624 ut
1615 3561 1725 3646 qui

612 3667 871 3732 cunque
930 3646 1249 3725 inventor·
1293 3648 1449 3711 novi
1514 3648 1752 3711 montis

612 3743 899 3797 mea-tum
962 3744 1029 3797 et
1092 3732 1429 3800 metallum
1502 3733 1750 3817 primus

614 3818 832 3885 debito
871 3818 1073 3907 ⁸modo
1108 3820 1325 3905 judici
1377 3828 1750 3905 praesente-

611 3908 781 3983 verit
824 3905 932 3971 vel
979 3908 1088 3993 qui
1136 3917 1390 3974 montes
1435 3905 1745 3991 porrigit:

613 4012 801 4055 nemo
828 4002 981 4056 ante
1005 3998 1219 4079 ipsum
1248 3992 1351 4056 vel
1370 3993 1746 4077 postipsum

612 4078 678 4141 in
728 4079 937 4163 spatio
984 4082 1177 4145 unius
1222 4078 1397 4146 lanei
1449 4077 1750 4145 laborare

612 4175 1021 4249 praesumat3
1069 4168 1177 4253 qui
1226 4174 1444 4231 autem
1492 4172 1748 4229 contra-

614 4247 862 4332 fecerit,
909 4252 1119 4318 omnis
1165 4252 1338 4315 lucri.
1358 4274 1598 4337 expers
1631 4252 1751 4315 erit

1845 464 1992 505 nem
2040 463 2228 506 suum
2277 439 2732 505 necessarium
2783 436 2966 501 habu·

1846 530 2035 609 erint,
2080 528 2184 591 vel
2211 528 2606 613 quicumque
2627 524 2770 604 alii,
2801 545 2971 610 quar·

1846 626 1978 687 tam
2025 624 2276 701 partem
2327 615 2638 699 expensis
2687 614 2823 676 suis
2859 610 2970 675 ela·

1847 704 2090 767 borans
2157 699 2521 765 obtinebit..
2563 704 2620 782 ἓ.
2701 700 2763 762 7.
2827 696 2973 762 Item

1849 786 2226 874 ubicunque
2271 808 2458 852 mons
2513 784 2976 851 mensurandus

1848 874 2066 956 fuerit,
2085 873 2484 960 impediente
2511 872 2708 937 laneo
2735 871 2973 951 civium,

1825 961 2025 1049 =quod
2068 958 2154 1025 ad
2200 962 2418 1025 minus
2461 968 2594 1024 tres
2641 958 2871 1022 laneos
2923 966 2977 1020 et

1850 1046 2192 1113 dimidium
2239 1045 2532 1112 obtinere
2580 1067 2716 1109 non
2742 1044 2975 1129 poterit:

1853 1134 2188 1221 praedicta
2235 1154 2551 1200 mensura
2595 1134 2758 1197 novi
2819 1152 2976 1193 mon·

1852 1223 1938 1285 tis
1985 1222 2051 1286 in
2092 1221 2282 1293 metis
2307 1219 2482 1285 lanei
2509 1220 2759 1284 civium
2789 1228 2980 1281 sumat

1852 1309 2131 1389 initium,
2179 1316 2243 1372 et
2289 1309 2384 1371 sic
2430 1326 2814 1375 mensuram
2883 1302 2975 1367 de·

1852 1395 2054 1460 bitam
2087 1392 2446 1459 'obtinebit
2505 1402 2760 1477 septem
2820 1389 2976 1453 lane-

1855 1504 2074 1561 orum3
2123 1490 2349 1566 postea
2395 1479 2662 1545 domino
2687 1478 2831 1563 regi
2851 1476 2978 1556 duo,

1844 1570 2088 1655 juratis
2133 1566 2262 1631 duo
2311 1573 2795 1631 mensurentur.
2841 1567 2897 1645 ξ.
2931 1563 2979 1627 8.

1855 1654 1924 1724 Si
1985 1664 2203 1721 autem
2265 1654 2438 1721 infra
2509 1652 2676 1721 duos
2747 1660 2980 1717 montes

1855 1750 2266 1807 mensuratos
2311 1761 2526 1804 novus
2571 1759 2766 1805 mons
2823 1738 2978 1801 inve·

1855 1829 2092 1901 niatur,
2139 1835 2208 1893 et
2273 1825 2562 1893 debitam
2623 1844 2979 1891 mensuram

1857 1914 2152 1983 obtinere
2178 1914 2402 2001 possit,
2431 1913 2684 1981 scilicet
2708 1911 2978 1980 omnium

1857 2002 2216 2081 laneorum,
2262 2010 2420 2065 tunc
2451 2007 2900 2079 mensuretur,
2930 2004 2982 2059 et

1859 2090 1914 2153 si
1961 2086 2185 2153 habita
2231 2109 2539 2153 mensura
2582 2086 2842 2171 aliquid
2889 2104 2978 2147 su-

1859 2174 2190 2261 perfuerit,
2217 2172 2465 2240 seilicet
2490 2172 2754 2244 duobus
2795 2169 2981 2235 laneis

1860 2262 2122 2343 civium,
2171 2258 2347 2347 quod
2374 2260 2610 2324 dicitur
2628 2256 2985 2333 oberschar,

1859 2348 1943 2414 ad
2014 2370 2172 2415 usus
2231 2346 2427 2415 cedat
2485 2346 2757 2411 civium.
2819 2348 2875 2426 ξ.
2929 2341 2979 2405 9.

1859 2436 2023 2506 Item
2093 2434 2148 2499 si
2211 2436 2380 2520 quis,
2447 2442 2518 2497 ut
2591 2432 2846 2496 dictum
2897 2433 2981 2495 est

1857 2543 2075 2607 supra,
2124 2522 2206 2585 de
2235 2541 2566 2586 consensu
2603 2516 2872 2606 judicis,
2893 2514 2980 2613 ju·

1855 2618 2144 2675 ratorum
2213 2616 2280 2673 et
2324 2605 2726 2693 porrectoris
2776 2610 2982 2672 monti·

1856 2718 1964 2762 um
2011 2694 2359 2762 stollonem
2401 2691 2784 2775 initiaverit,
2827 2696 2890 2755 et
2907 2685 2981 2753 al·

1855 2792 1955 2847 ter
2017 2804 2092 2845 su
2143 2781 2490 2847 erveniens
2567 2786 2730 2846 ante
2787 2779 2978 2863 ipsum

1861 2878 2050 2933 extra
2121 2866 2363 2931 ebitam
2391 2886 2771 2933 mensuram
2802 2864 2976 2931 trium

1856 2954 2194 3019 laneorum
2241 2962 2307 3019 et
2349 2952 2607 3020 dimidii
2628 2965 2766 3036 'per
2800 2948 2975 3015 alium

1857 3040 2200 3113 stelionem
2250 3037 2358 3103 vel
2381 3060 2497 3125 per
2516 3052 2978 3125 quamcumque

1859 3127 2115 3193 foveam
2179 3127 2356 3211 prior
2415 3122 2756 3193 metallum
2812 3124 2977 3193 inve·

1860 3215 2046 3279 uerit:
2094 3210 2263 3280 datis
2322 3211 2597 3283 testibus
2643 3220 2710 3277 et
2755 3206 2976 3274 exami-

1860 3300 2032 3365 natis
2075 3300 2292 3366 causis
2338 3318 2712 3375 mensuram
2743 3292 2870 3366 VII
2897 3292 2973 3363 la·

1859 3407 2128 3459 neorum
2177 3385 2356 3469 prior
2399 3383 2742 3455 obtinebit.

2029 3557 2109 3622 V.
2156 3560 2256 3622 De
2313 3578 2610 3623 mensura
2670 3553 2972 3642 angulari.

1857 3649 1916 3728 ξ.
1969 3646 2026 3711 1.
2075 3644 2145 3711 Si
2190 3646 2368 3715 circa
2388 3643 2674 3731 aliquem
2713 3651 2977 3711 montem

1857 3731 1962 3796 vel
2009 3730 2354 3801 stollonem
2386 3732 2454 3795 in
2479 3752 2558 3798 ea
2585 3738 2796 3817 parte,
2827 3745 2973 3813 quae

1858 3819 2095 3895 dicitur
2153 3817 2550 3903 hangundez
2609 3826 2730 3884 eut
2785 3816 2974 3899 ligun-

1858 3903 1996 3987 dez,
2047 3904 2380 3971 metallum
2410 3905 2754 3973 inventum
2788 3898 2982 3974 fuerit,

1857 3992 1942 4056 de
1985 4012 2114 4077 quo
2159 3992 2244 4059 sit
2288 3988 2580 4068 dubium,
2625 3998 2846 4059 utrum
2887 3986 2970 4049 in-

1855 4078 1958 4141 fra
2001 4098 2374 4147 mensuram
2440 4076 2570 4145 VII
2635 4074 2974 4147 laneorum,

1854 4163 1964 4229 vel
2007 4173 2198 4233 extra
2238 4164 2456 4244 fuerit,
2503 4171 2569 4227 et
2591 4162 2765 4231 iuter
2787 4170 2974 4236 utros-

1858 4273 1986 4336 que
2055 4248 2340 4317 eultores
2399 4248 2776 4318 suboriatur
2840 4266 2970 4313 con·
