3150 5017
1479 300 2077 368 —314-‘

523 494 692 561 quae
737 494 822 539 ex
867 471 1403 541 concessionibus
1470 471 1663 539 nobis
1730 471 2025 555 debetur,
2094 482 2326 559 quarto
2397 472 2765 559 proprietas
2830 473 2884 537 si

521 581 690 647 quae
734 561 839 641 sit,
899 559 1368 647 residuumque
1414 560 1754 625 metallum
1798 560 1869 625 in
1916 568 2195 646 quatuor
2256 558 2583 627 schichtas
2642 556 2885 623 colonis

519 645 886 733 aequaliter
945 646 1298 715 dividatur.
1388 650 1446 729 §-
1495 648 1556 713 3.
1618 645 1689 711 Si
1750 655 1969 711 autem
2030 644 2313 713 defuerit
2362 644 2694 711 sedecima
2740 666 2889 731 pars

515 742 583 799 et
641 734 1092 821 proprietates,
1138 735 1358 799 statim
1419 744 1566 819 post
1628 754 1870 797 nonam
1932 730 2237 797 fabrilem
2286 731 2620 800 residuum
2670 729 2894 798 metal-

497 817 654 887 'lum
711 821 784 885 in
843 828 1126 905 quatuor
1183 818 1551 899 schichtas‚
1617 830 1687 885 ut
1747 818 1996 883 dictum
2045 829 2164 899 est,
2216 817 2553 884 dividatur
2600 816 2720 883 sub
2767 819 2894 881 vir-

513 914 652 976 tute
684 906 982 994 praestiti
1017 908 1418 986 juramenti3
1465 905 1631 971 nihil
1676 908 1885 991 magis
1931 914 2047 971 aut
2090 908 2307 971 minus
2353 906 2424 969 in
2476 902 2894 981 multitudine

512 991 620 1061 vel
665 994 736 1058 in
780 992 1074 1059 bonitate
1119 991 1364 1060 metalli
1414 1001 1681 1078 propter
1724 993 1946 1069 odium
1995 990 2103 1057 vel
2147 992 2443 1057 favorem
2508 990 2701 1057 alteri
2746 1012 2895 1077 par·

509 1080 694 1155 tium,
740 1100 938 1165 quam
983 1078 1298 1155 debitum,
1345 1078 1715 1145 tribuendo.
1794 1083 1857 1161 ξ.
1902 1080 1963 1145 4.
2010 1076 2081 1143 Si
2170 1080 2274 1145 uis
2323 1099 2479 1145 vero
2527 1075 2888 1143 divisorum

507 1174 952 1251 transgressor
995 1165 1194 1251 hujus
1239 1167 1729 1233 constitutionis
1770 1167 2081 1233 inventus
2157 1166 2343 1247 uerit,
2390 1164 2475 1230 ab
2523 1161 2739 1229 officio
2764 1184 2880 1228 suo

511 1273 664 1319 cum
707 1252 980 1318 infamia
1023 1260 1342 1338 perpetua
1385 1251 1769 1339 deponatur.
1862 1256 1923 1335 ξ.
1968 1252 2030 1317 5.
2078 1250 2401 1318 Volumus
2446 1252 2644 1318 etiam
2709 1250 2881 1316 divi-

512 1360 693 1405 sores
739 1348 996 1424 sportas
1042 1339 1386 1404 divisionis
1423 1339 1669 1406 habere
1691 1362 1812 1427 per
1834 1347 2045 1403 totum
2090 1336 2601 1425 argentifodium
2647 1358 2892 1423 aequa-

507 1424 605 1493 les
651 1434 717 1491 et
760 1425 844 1491 ab
891 1426 1166 1511 antiqua
1211 1425 1691 1491 consuetudine
1738 1422 2157 1512 approbatas.
2249 1430 2309 1508 ἓ.
2356 1426 2414 1491 6.
2484 1423 2587 1490 Ac
2630 1426 2898 1510 tempus

510 1521 576 1578 et
619 1511 845 1579 horam
893 1511 1256 1594 divisionis,
1301 1520 1498 1598 prout
1539 1513 1815 1599 requirit
1859 1514 2151 1597 ipsorum
2181 1512 2491 1595 officium,
2538 1533 2687 1576 cum
2712 1511 2897 1575 omni

509 1597 852 1685 diligentia
911 1597 1283 1679 observare,
1345 1600 1440 1663 ita
1498 1609 1570 1664 ut
1631 1597 1797 1663 nihil
1851 1600 2060 1685 possit
2103 1600 2397 1686 ipsorum
2443 1596 2895 1684 negligentiae

507 1686 841 1772 imputari.
887 1688 946 1766 ξ.
994 1685 1051 1749 7.
1099 1684 1398 1767 Qualiter
1443 1693 1663 1751 autem
1708 1686 2033 1752 divisores
2079 1708 2222 1750 cum
2267 1683 2541 1753 metallo
2586 1706 2893 1750 remune-

507 1771 702 1839 randi
726 1773 876 1850 sint,
898 1770 1102 1857 supi-a,
1131 1770 1214 1837 de
1238 1772 1455 1839 officio
1479 1774 1942 1859 magistrorum
1967 1774 2287 1839 montium
2315 1773 2474 1839 satis
2504 1771 2753 1837 dictum
2778 1780 2903 1839 est.

1468 1949 1641 2032 cap.
1688 1946 1944 2013 xvm.

1224 2085 1324 2149 De
1368 2084 1704 2171 bulqarum
1746 2084 2169 2171 refectoribus.

680 2204 952 2271 Nullum
1013 2205 1542 2292 argentifodium,
1605 2208 1863 2272 etiamsi
1908 2207 2152 2271 existat
2194 2204 2686 2289 hereditarium,
2750 2204 2895 2271 bul-

511 2306 744 2377 garum
805 2291 1188 2358 refectorem
1246 2291 1494 2359 habeat
1557 2292 1934 2379 specialem,
1996 2291 2112 2358 sed
2158 2290 2367 2358 solum
2415 2290 2626 2374 illum,
2691 2314 2890 2381 quem

504 2378 836 2448 urburarii
877 2380 997 2445 toti
1042 2379 1482 2465 argentifodio
1531 2380 1968 2463 praefecerint
2026 2379 2427 2464 generalem,
2491 2400 2575 2447 ne
2618 2389 2894 2466 propter

505 2464 766 2535 diversa
814 2463 1032 2531 officia
1099 2464 1396 2532 confusio
1463 2468 1743 2552 oriatur;
1791 2468 1902 2553 qui
1947 2467 2263 2553 praestito
2301 2466 2683 2552 juramento
2729 2464 2891 2533 fide-

503 2550 657 2617 liter
699 2572 888 2617 suum
931 2551 1294 2639 adimpleat
1338 2551 1627 2619 officium
1675 2564 1741 2619 et
1786 2552 2112 2640 perfect03
2156 2554 2355 2619 istum
2420 2553 2620 2619 etiam
2665 2574 2890 2619 remu-

477 2639 724 2711 ·nerari
767 2638 1074 2706 volumus
1117 2659 1267 2705 cum
1313 2640 1602 2707 metallo.
2714 2642 2719 2649 ’

1490 2817 1662 2899 Gap.
1707 2813 1897 2879 ΧΙΧ.

1149 2951 1250 3015 De
1291 2952 1597 3016 horarum
1629 2949 2241 3037 pronuntiatoribm.

675 3076 734 3155 ξ.
799 3073 858 3137 1.
928 3068 1037 3137 Ad
1104 3070 1498 3139 evidentiam
1569 3073 1760 3138 istius
1835 3073 2011 3138 tituli
2080 3072 2446 3161 pleniorem
2513 3072 2884 3156 sciendum,

503 3179 732 3224 omnes
793 3157 991 3225 horas.
1051 3156 1180 3223 diei
1239 3161 1583 3245 noctisque
1628 3159 1807 3245 apud
1850 3169 2197 3226 montanos
2242 3162 2312 3224 in
2359 3165 2638 3245 quatuor
2680 3160 2886 3227 horas

500 3245 956 3317 tantummodo
975 3244 1496 3330 distinguendas.
1535 3250 1595 3328 ἓ.
1613 3247 1673 3311 2.
1689 3246 1859 3311 Item
1876 3248 2089 3334 prima
2111 3247 2271 3313 hora
2284 3248 2325 3331 (
2320 3266 2431 3309 ern
2420 3245 2845 3329 )-ta980hicht
2856 3271 2885 3329 ,·

497 3331 788 3398 secunda
854 3353 1012 3399 vero
1073 3330 1235 3396 hora
1299 3330 1903 3417 lesern-taqschioht‚
1966 3337 2159 3399 tertia
2224 3352 2382 3398 vero
2450 3330 2883 3418 (erro-nacht-

491 3418 740 3500 schicht,
819 3426 1052 3505 quarto
1129 3439 1284 3483 vero
1361 3418 2007 3485 lesem-nachtschicht
2066 3420 2265 3491 etiam
2334 3414 2699 3503 vulgariter
2768 3442 2882 3505 ap-

376 3550 382 3557 ·
493 3503 800 3590 pellatur.
891 3508 951 3586 ξ.
998 3506 1060 3569 3.
1121 3504 1210 3569 Et
1252 3505 1512 3571 initium
1556 3506 1829 3574 istarum
1875 3506 2064 3593 cuius
2113 3528 2195 3573 ue
2242 3506 2525 3605 quatuor
2567 3502 2883 3571 horarum

490 3613 610 3677 per
654 3592 1039 3657 universum
1085 3600 1373 3658 montem
1419 3594 1880 3677 pronuntiator
1922 3614 2083 3679 proc
2110 3602 2287 3659 amat
2330 3612 2507 3676 ipsas
2568 3592 2879 3659 omnibus

492 3676 916 3764 publicando,
964 3672 1038 3743 iit
1081 3687 1216 3743 tam
1264 3678 1502 3761 diurni,
1551 3701 1746 3765 quam
1793 3681 2099 3745 nocturni
2145 3688 2331 3744 actus
2376 3675 2558 3763 apud
2616 3676 2879 3744 labora·

490 3772 669 3829 tores
729 3766 1074 3831 universos
1134 3766 1202 3830 in
1265 3766 1570 3844 omnibus
1616 3764 1979 3852 aequaliter
2024 3766 2478 3833 observentur.
2568 3769 2631 3847 ξ.
2678 3771 2739 3830 4.
2788 3764 2879 3829 Et

538 3850 934 3935 rohibemus‚
993 3874 1078 3917 ne
1141 3851 1286 3937 quis
1331 3851 1771 3917 laborantium
1818 3854 2127 3918 continue
2172 3874 2291 3939 per
2334 3850 2500 3914 duas
2542 3850 2877 3917 schichtas

518 3936 764 4021 aberet,
811 3960 894 4004 ne
920 3938 1179 4005 deficiat
1219 3940 1291 4003 in
1337 3938 1583 4019 labore,
1630 3947 1696 4004 et
1740 3938 1903 4005 haec
1926 3946 2235 4005 tenentur
2258 3934 2561 4003 custodes
2586 3938 2875 4023 argenti·

489 4022 866 4093 fodinarum
935 4047 1098 4101 cum,
1151 4026 1331 4092 omni
1377 4025 1722 4111 diligentia
1765 4044 2199 4114 praecavere3
2262 4032 2329 4089 et
2374 4022 2697 4092 similiter.
2721 4025 2867 4111 ipse

487 4113 960 4200 appretiandus
1005 4119 1105 4179 est
1149 4133 1294 4179 cum
1342 4111 1631 4183 metalla
