3150 5017
1234 334 1305 347 ....
1403 296 1704 399 447..-

276 474 442 535 tates
507 476 575 535 et
630 469 883 557 gratias
943 467 1187 537 illustri
1247 468 1582 557 quondam
1643 468 2042 538 wenceslao
2099 468 2244 557 regi
2295 468 2659 537 Bohemiae

360 556 554 623 nitori
612 577 753 642 suo,
800 577 879 623 ao
939 554 1065 623 sibi
1103 564 1170 623 et
1210 557 1233 623 i
1238 577 1505 646 psoram
1548 554 1922 641 heredibus,
1967 556 2326 645 praedietis
2382 554 2653 643 regibus

329 641 643 727 ohemiae,
708 665 750 710 a
791 642 985 710 nobis
1028 651 1094 710 et
1139 644 1382 711 nostris
1424 643 1780 733 praedietis
1821 644 1913 709 im
1961 643 2329 713 oratoribus
2373 650 2439 710 et
2482 643 2651 730 regi·

271 727 397 797 bus
439 729 757 797 Romanis
802 751 1115 798 concessa
1158 745 1227 798 st
1290 752 1640 799 eoncessas
1697 752 1905 833 appro
1955 752 2162 814 amus,
2229 730 2648 811 innovamus,

271 816 670 883 ratificamus
713 826 779 884 et
822 819 1192 905 praesentis
1234 819 1463 921 scripti
1511 820 1879 905 patroemio
1925 818 2390 885 confirmamus

439 903 625 969 Nulli
670 925 826 1008 ergo
886 907 1156 971 omnino
1215 904 1553 971 hommum
1614 904 1810 971 liceat
1866 901 2042 972 hane
2107 914 2370 971 nostrae
2415 902 2652 969 oonfir-

272 990 580 1058 mationis
624 1013 933 1079 paginam
980 991 1363 1079 infringere,
1406 992 1514 1061 vel
1559 992 1622 1060 ei
1665 993 1736 1058 in
1783 990 2024 1095 aliquo,
2071 1013 2238 1057 ausu
2281 990 2652 1071 temerario,

273 1078 637 1163 contrair03
754 1079 888 1146 uod
957 1080 1069 1167 qui
1134 1078 1355 1147 faeere
1422 1086 1972 1167 praesumpserit,
2035 1100 2310 1167 gravem
2383 1083 2653 1145 nostrae

271 1164 644 1251 MaJestatis
688 1186 727 1233 o
779 1188 1006 1233 ensam
1051 1188 1124 1233 se
1168 1166 1427 1234 noverit
1469 1166 1847 1233 incurrisse.

439 1250 521 1318 In
570 1254 762 1340 cujus
804 1261 1066 1320 nostrae
1110 1252 1630 1341 approbationis,
1675 1251 2146 1335 innovationis,
2189 1250 2648 1319 ratificationis

269 1345 334 1404 et
377 1338 891 1407 confirmationis
935 1341 1383 1407 testimonium
1427 1341 1548 1407 hoo
1593 1341 1909 1442 seriptum
1953 1337 2200 1408 exinde
2243 1338 2385 1406 fieri
2411 1345 2478 1405 et
2509 1334 2650 1403 Ma-

260 1424 523 1512 jestatis
568 1436 793 1495 nostro
839 1427 1061 1515 sigillo
1097 1428 1421 1516 jussimus
1467 1427 1882 1494 communiri.

440 1513 691 1581 Datum
736 1517 915 1601 apud
982 1513 1337 1602 Nurnberg
1401 1514 1595 1581 XIII.
1670 1512 1825 1582 Kal.
1887 1512 2223 1617 Septemb.
2283 1510 2652 1579 indictione

201 1630 212 1639 ‘
265 1598 387 1669 111.
432 1600 633 1669 Anno
682 1602 951 1670 Domini
994 1600 1322 1683 MOOCV,
1362 1624 1549 1690 regni
1594 1622 1752 1670 vero
1797 1608 2005 1668 nostri
2047 1621 2226 1668 anno
2271 1596 2460 1666 v111.
