3150 5017
1549 305 2060 371 ...156-

1743 650 1844 713 52.

928 778 1343 867 Decretum
1388 783 1878 868 comitiorum
1922 784 2159 889 regni
2201 782 2633 867 Behemiae.

1131 912 1136 919 ’
1618 921 1727 988 Oc.
1756 928 1964 990 .1266.

800 1092 911 1145 Lex
956 1112 1115 1160 quam
1162 1094 1311 1146 hicce
1366 1092 1696 1158 exhibemus,
1741 1094 1950 1147 decreto
1989 1094 2322 1147 comitiorum
2362 1110 2499 1161 quae
2537 1092 2746 1145 circiter
2777 1091 2941 1143 festum

594 1164 649 1216 S.
686 1164 930 1215 Andreae
965 1166 1175 1230 Pragae·
1204 1170 1329 1215 sunt
1362 1165 1567 1227 habita,
1623 1165 1813 1215 nititur
1865 1173 2029 1229 atque
2063 1166 2128 1215 de
2165 1166 2324 1217 rebus
2361 1170 2585 1229 quatuor
2621 1164 2756 1227 agit=
2807 1160 2846 1211 Ι.
2875 1161 2943 1209 De

592 1236 677 1295 iis,
718 1236 809 1297 qui
860 1240 1129 1285 monetam
1181 1234 1538 1285 adulterinam
1589 1235 1922 1301 exercebant,
1958 1232 2030 1286 11.
2082 1238 2164 1285 De
2201 1235 2414 1285 damnis
2451 1236 2508 1283 in
2545 1227 2940 1297 expeditionibus

593 1303 801 1369 bellicis
846 1303 915 1353 ab
962 1304 1195 1353 exercitu
1227 1303 1417 1367 illatis,
1464 1304 1565 1353 ΙΙΙ.
1605 1304 1690 1353 De
1721 1305 2043 1370 proscriptis,
2081 1304 2176 1355 IV.
2214 1305 2298 1354 De
2337 1317 2562 1353 onerosa
2597 1299 2937 1351 coenobiorum

593 1371 1013 1491 hospitaggfllgh
1058 1442 1119 1490 in
1172 1456 1333 1505 quem·
1379 1440 1481 1489 hae
1535 1439 1755 1489 comitia
1801 1445 1964 1505 atqu&
2004 1440 2190 1506 1²⁰1)uli
2225 1442 2361 1491 ⁸⁰33
2395 1439 2608 1500 cadant’
2643 1436 2800 1488 saone
2831 1450 2932 1484 con-

590 1509 740 1559 stitui
786 1524 943 1573 posse
996 1510 1328 1571 arbitramur,
1376 1524 1539 1573 quum
1593 1511 2011 1571 meminerimus,
2061 1525 2112 1560 a.
2167 1511 2299 1559 1265
2357 1515 2408 1559 et
2465 1508 2602 1558 1266·
2635 1508 2704 1557 ab
2740 1504 2942 1555 exercitu

588 1579 734 1643 regio
782 1584 969 1630 eontra
1013 1580 1251 1627 Bavares
1299 1578 1664 1643 proficiscente
1712 1578 1910 1629 damna
1969 1580 2212 1642 ingentia
2271 1580 2328 1627 in
2381 1576 2525 1643 agris
2573 1578 2806 1639 vicisque
2848 1589 2944 1623 esse

588 1648 733 1697 facta
770 1646 859 1712 (cf.
898 1647 1124 1697 cosmae
1162 1647 1358 1709 Cont.),
1409 1647 1543 1697 illud
1581 1653 1761 1697 autem
1799 1646 1983 1713 populi
2018 1648 2212 1697 scitum
2252 1663 2312 1697 eo
2349 1647 2613 1713 pertinere
2647 1646 2864 1705 videtur,
2892 1646 2940 1690 ut

590 1716 717 1765 talis
753 1714 984 1775 militum
1020 1714 1237 1763 licentia
1273 1716 1327 1763 in
1365 1722 1633 1781 posterum
1673 1715 2001 1765 cohibeatur.

799 1784 1091 1835 Contextus
1125 1785 1183 1832 in
1222 1784 1419 1833 Codice
1455 1784 1802 1835 formularum
1839 1786 2282 1849 Regi-omontanO,
2330 1784 2566 1833 Henrico
2615 1781 2774 1833 Italio
2807 1785 2932 1830 nota·

590 1852 671 1903 rio
718 1868 905 1917 regum
960 1853 1245 1902 Bohemiae
1294 1854 1577 1917 adscriptO,
1633 1854 1846 1918 legitur,
1896 1870 2052 1918 quem
2101 1854 2240 1917 typis
2289 1854 2614 1917 exscriptum
2651 1852 2797 1901 dedit
2829 1850 2934 1899 Joh.

587 1922 787 1987 Voigt:
836 1922 951 1973 Das
998 1921 1353 1971 urkundliche
1400 1922 1756 1973 Formelbuch
1811 1922 1902 1972 des
1949 1922 2004 1971 k.
2049 1922 2241 1971 Notars
2279 1922 2564 1971 Heinricus
2601 1921 2822 1971 Italicus
2859 1932 2936 1967 aus

592 1990 683 2041 der
716 1990 837 2041 Zeit
870 1990 963 2039 der
996 1990 1063 2040 Κ.
1102 1989 1331 2041 Ottokar
1366 1989 1436 2041 ΙΙ.
1473 1991 1584 2040 und
1619 1990 1842 2041 Wenzel
1875 1991 1949 2039 II.
1987 2006 2093 2039 von
2127 1990 2386 2055 Bb'hmc'n,
2445 1992 2544 2039 136
2601 1988 2818 2055 (Archiv
2866 1998 2938 2034 zur

588 2059 779 2110 Kunde
806 2062 905 2109 ost.
942 2057 1131 2109 Gesch.
1170 2058 1397 2119 Quellen
1433 2060 1636 2111 XXIX.
1671 2059 1825 2109 Band
1862 2058 2176 2124 CXXXVI).

762 2212 1096 2277 otakarus
1143 2210 1248 2276 dei
1294 2213 1504 2296 gratia
1547 2232 1667 2277 rex
1709 2211 2064 2275 Bohemiae
2110 2212 2416 2276 omnibus
2448 2214 2517 2275 in
2552 2220 2942 2297 perpetuum.

756 2299 1005 2381 Regiae
1064 2298 1256 2361 nobis
1320 2297 1662 2382 dignitatis
1709 2296 2006 2363 claritate
2051 2298 2458 2383 fulgentibus
2503 2298 2670 2361 illud
2719 2296 2940 2383 praeci·

582 2406 711 2471 pue
757 2383 989 2448 cedere
1046 2406 1179 2449 non
1242 2384 1700 2469 imprudenter
1757 2388 2106 2469 opinamur
2163 2385 2248 2448 ad
2307 2384 2614 2469 gloriam,
2657 2384 2713 2448 si
2760 2384 2838 2446 ad
2879 2400 2940 2443 ea

584 2471 936 2555 diligenter
976 2482 1235 2535 nostrae
1278 2473 1515 2535 mentis
1562 2471 1906 2555 dirigimus
1951 2472 2182 2551 aciem,
2230 2492 2347 2557 per
2393 2492 2564 2555 quae
2609 2471 2802 2553 regni
2839 2489 2937 2531 no-

580 2558 700 2622 stri
744 2554 1033 2621 habenas
1076 2557 1349 2621 rationis
1395 2556 1786 2622 liberamine
1827 2556 2289 2637 moderandas,
2345 2580 2482 2621 non
2522 2554 2812 2637 casibus,
2865 2552 2939 2615 fe-

578 2642 692 2707 lici
750 2642 1089 2707 valeamus
1149 2645 1465 2726 regimine
1526 2642 1878 2708 salubriter
1935 2642 2326 2727 gubernare.
2416 2642 2706 2707 Provida
2755 2642 2939 2727 'igitur

580 2726 1005 2793 meditatione
1050 2738 1423 2814 pensantes,
1470 2729 1646 2814 quod
1693 2729 1820 2793 hoc
1862 2728 2261 2794 laudabilius
2305 2729 2378 2791 in
2421 2738 2644 2793 actum
2687 2724 2940 2813 produci

576 2837 711 2879 non
758 2824 991 2899 potest,
1036 2836 1232 2899 quam
1280 2818 1333 2879 si
1378 2813 1549 2879 falce
1587 2816 1883 2901 justitiae
1929 2816 2266 2879 hominum
2289 2814 2761 2881 sceleratorum
2799 2813 2937 2879 reci·

580 2900 775 2965 datur
832 2902 1261 2987 perversitas,
1350 2904 1459 2986 qui
1536 2922 1915 2965 communes
1975 2904 2358 2966 excessibus
2417 2903 2488 2965 in
2549 2911 2728 2968 statu
2789 2911 2938 2965 tran-

580 2984 768 3073 quilli
810 2988 1155 3072 pernitiem
1203 2986 1578 3069 moliuntur,
1627 2998 1692 3051 et
1736 2986 1854 3064 illa
1897 2988 2162 3053 effrenis
2185 2989 2542 3065 temeritas,
2591 3010 2759 3073 quae
2806 2986 2940 3049 dum

574 3074 895 3137 hactenus
942 3074 1127 3158 quasi
1174 3073 1538 3137 dormiente
1583 3074 1878 3137 vindicta
1921 3072 2292 3157 vagabatur
2333 3075 2626 3158 inpunis,
2671 3071 2944 3140 facinora

576 3159 783 3223 libere
838 3158 1259 3245 perpetrabat
1304 3161 1618 3239 enormia,
1663 3160 1904 3224 strictis
1949 3182 2308 3247 poenarum
2369 3158 2692 3225 limitibus
2721 3178 2941 3222 arcea-

573 3256 699 3326 tur,
744 3252 817 3309 ut
862 3246 957 3309 sic
1002 3247 1189 3331 quasi
1238 3244 1481 3310 evulsis
1502 3246 1820 3310 radicitus
1867 3246 2210 3330 degeneris
2257 3244 2660 3313 conditionis
2695 3242 2942 3321 vitibus,

576 3354 744 3417 quae
800 3340 1044 3413 terram
1124 3331 1452 3395 inutiliter
1514 3340 1910 3418 occupantes
1975 3334 2344 3418 perniciose
2399 3330 2832 3397 luxuriabant
2883 3330 2941 3389 in

575 3417 919 3502 palmitum
978 3416 1325 3502 dispendia
1400 3416 1790 3499 electorum,
1861 3427 2176 3503 appareat
2233 3427 2499 3485 nostrae
2561 3416 2942 3503 reipublicae

574 3503 776 3568 facies
818 3502 1053 3567 fertilis
1098 3512 1163 3566 et
1219 3504 1497 3568 decora:
1543 3505 1730 3589 regni
1776 3506 1982 3567 nostri
2033 3503 2308 3569 barones
2357 3506 2442 3571 ad
2485 3513 2782 3570 nostram
2806 3524 2940 3566 eon·

573 3590 795 3655 vocari
840 3590 1278 3675 praesentiam
1324 3589 1598 3653 fecimus
1645 3599 1710 3655 et
1764 3590 1847 3654 ab
1895 3592 2055 3675 ipsis
2100 3592 2170 3654 in
2213 3591 2391 3655 beati
2437 3591 2750 3655 Andreae
2785 3607 2942 3652 nunc

571 3676 859 3741 instante
902 3674 1154 3758 Pragae
1200 3696 1417 3740 coram
1478 3684 1740 3741 nostrae
1800 3678 2166 3762 majestatis
2211 3676 2498 3741 culmine
2561 3675 2941 3763 praesentia-

570 3762 719 3827 liter
764 3761 1139 3826 constitutis
1186 3759 1565 3845 diligentius
1615 3764 2076 3846 quaesivimus,
2123 3765 2363 3848 quibus
2388 3784 2753 3850 poenarum
2775 3760 2940 3826 talio-

570 3850 767 3915 nibus
822 3854 995 3912 esset
1074 3846 1488 3912 falsariorum
1558 3847 1948 3913 detestanda
2012 3850 2325 3935 nequitia,
2373 3850 2488 3935 qui
2532 3842 2943 3933 insgenerale

567 3936 753 4017 regni
816 3934 1023 3997 nostri
1086 3933 1504 4018 dispendium
1572 3932 2016 3999 adulterinam
2082 3938 2430 4018 pecuniam
2495 3934 2828 4000 fabricant
2883 3938 2936 3993 et

568 4019 735 4083 alias
780 4018 1101 4084 falsitates
1148 4022 1582 4101 committunt,
1631 4042 1709 4083 ac
1753 4022 1956 4083 noxia
2000 4023 2518 4105 proscriptorum
2579 4020 2940 4106 malignitas

570 4106 929 4191 punienda,
992 4128 1113 4169 nec
1158 4128 1290 4169 non
1337 4114 1401 4169 et
1448 4105 1687 4190 quibus
1735 4104 2138 4169 obviandum
2187 4117 2361 4171 esset
2407 4107 2714 4171 cursibus
2777 4107 2936 4169 dam-

566 4214 803 4255 norum
853 4192 1354 4273 calamitatibus,
1402 4214 1565 4276 quas
1612 4190 1709 4255 illi
1757 4192 2000 4255 nostris
2046 4192 2364 4259 infestant
2425 4194 2734 4275 subditis,
2795 4209 2935 4277 qu⁰8

568 4278 653 4344 ad
700 4278 1189 4365 expeditionem
1236 4278 1593 4363 procedere
1639 4276 2081 4362 contingebat.
