3150 5017
1551 329 2099 392 -144-.

593 525 738 568 rum
797 508 866 567 et
921 506 1143 566 nostro
1201 497 1319 564 tali
1387 497 1809 564 liberalitatis
1874 519 2148 565 munere
2194 499 2320 565 sibi
2366 499 2631 584 collato,
2694 499 2925 567 ecclesis

596 588 1054 656 Olomucensis
1096 586 1360 673 penitus
1405 585 1494 650 sit
1535 595 1915 650 exonerata.

769 679 828 740 2.
873 673 996 739 Jus
1019 673 1196 760 quod
1219 671 1416 736 datur
1502 692 1577 736 ro
1620 673 1837 758 capite
1881 673 2022 737 sive
2065 692 2187 759 pro
2228 671 2375 738 fure
2419 673 2526 738 vel
2572 694 2688 758 pro
2730 669 2918 736 swod

593 759 703 827 vel
726 781 846 846 pro
865 781 944 825 eo
989 759 1167 846 quod
1185 757 1389 842 vulgo
1433 693 1677 822 dicitur
1718 757 2181 838 chistotne‚
2224 759 2506 845 principi
2527 759 2669 825 sive
2691 759 2819 844 ejus
2850 756 2922 819 in—

589 845 1012 921 beneficiatis,
1057 842 1422 910 venerabili
1470 845 1637 945 patri
1682 853 1909 908 nostro
1966 842 2261 910 Ruberto
2318 845 2540 930 episco
2588 866 2627 909 o
2690 854 2755 909 et
2805 843 2916 928 ejus

589 930 1080 998 successoribus
1140 941 1206 995 et
1263 929 1576 994 ecclesiae
1637 930 2083 996 concessimus
2147 939 2463 1016 perpetuo
2508 952 2546 994 o
2596 928 2916 996 tinendum.

759 1024 818 1084 3.
862 1017 1010 1082 Hoc
1068 1025 1425 1082 statuentes
1485 1013 1567 1079 de
1626 1015 1790 1098 fure,
1851 1017 1909 1080 si
1965 1017 2035 1080 in
2102 1015 2426 1081 maleficio
2487 1015 2686 1082 fuerit
2728 1016 2913 1100 depre-

584 1104 849 1186 hensus,
909 1124 1183 1168 manens
1234 1105 1304 1166 in
1364 1101 1651 1188 praediis
1709 1100 2049 1184 ecclesiae,
2094 1104 2235 1167 sive
2278 1105 2579 1189 capiatur
2624 1112 2691 1168 et
2730 1121 2912 1166 coram

573 1190 830 1276 judicio
875 1191 1323 1269 convincatur,
1369 1189 1512 1271 ejus
1555 1187 1757 1269 bona,
1796 1209 1888 1252 sc.
1932 1187 2117 1268 furis,
2162 1201 2551 1253 remaneant
2608 1188 2911 1266 ecclesiae,

583 1277 728 1362 ipse
772 1297 927 1342 vero
973 1274 1333 1340 secundum
1378 1272 1556 1360 quod
1599 1273 1921 1374 placuerit
1962 1274 2267 1360 principi,
2311 1276 2643 1375 puniatur.

755 1368 814 1428 4.
859 1360 929 1426 Si
973 1383 1128 1426 vero
1173 1361 1472 1426 homines
1517 1370 1935 1446 episcopatus
1980 1369 2045 1426 et
2089 1359 2409 1426 ecclesiae
2452 1361 2522 1424 in
2568 1359 2787 1446 aliquo
2838 1375 2918 1419 co-

583 1469 724 1512 ram
774 1447 1030 1532 judicio
1089 1445 1454 1533 culpabiles
1509 1446 1971 1526 inveniuntur,
2026 1467 2151 1512 nec
2208 1445 2403 1510 nobis
2448 1468 2571 1510 nec
2608 1443 2916 1532 judicibus

579 1535 820 1598 nostris
866 1533 1226 1599 curialibus
1277 1554 1357 1597 ue
1414 1530 1519 1596 vel
1583 1532 2063 1598 inbeneficiatis
2108 1532 2357 1618 aliquid
2402 1529 2559 1596 inde
2605 1530 2920 1619 proveniat

578 1620 901 1700 utilitatis,
947 1617 1064 1682 sed
1106 1555 1284 1703 apud
1329 1619 1710 1703 episcopum
1754 1629 1818 1682 et
1861 1619 2007 1704 ejus
2051 1639 2462 1684 successores
2508 1619 2750 1705 culpae
2804 1637 2921 1702 per-

580 1712 838 1770 severet
897 1704 1278 1784 satisfactio,
1343 1704 1471 1768 nisi
1517 1705 1587 1768 in
1632 1725 1762 1791 quo
1805 1712 2067 1770 tenetur
2109 1704 2487 1770 satisfacere
2550 1703 2919 1770 adversario.

757 1796 814 1856 5.
877 1790 1260 1856 Inhibentes
1331 1789 1625 1871 firmiter,
1693 1789 2145 1855 venditionem
2204 1789 2387 1855 illam
2449 1791 2535 1854 ab
2584 1789 2927 1856 hominibus

580 1875 999 1962 episcopatus
1044 1878 1242 1962 exigi,
1287 1897 1458 1963 quae
1501 1876 1643 1941 fieri
1689 1875 1856 1941 solet
1896 1885 2167 1963 propter
2208 1881 2355 1941 viae
2400 1878 2632 1962 gravis
2689 1877 2920 1962 dispen-

581 1962 708 2044 dia,
753 1963 869 2028 ubi
913 1961 996 2028 de
1040 1962 1374 2027 communi
1417 1970 1623 2028 strata
1667 1959 2019 2047 disgressio
2065 1962 2138 2026 fit
2182 1983 2371 2028 secus
2442 1963 2624 2028 viam
2692 1969 2923 2050 propter

578 2050 1002 2114 evitationem
1047 2046 1204 2113 mali
1243 2049 1578 2125 transitus,
1624 2069 1747 2114 nec
1791 2047 2003 2134 spolia
2046 2047 2134 2114 ab
2177 2049 2339 2135 ipsis
2388 2050 2617 2134 recipi.

759 2139 816 2202 6.
863 2135 1180 2200 Similiter
1222 2137 1290 2199 in
1315 2136 1747 2220 occupatione
1770 2144 2111 2216 metarum,
2155 2136 2213 2198 si
2256 2135 2464 2221 aliqui
2506 2134 2589 2198 in
2630 2133 2923 2220 judicium

575 2219 822 2286 fuerint
865 2223 1080 2286 vocati
1125 2231 1190 2286 et
1224 2221 1527 2304 judicati,
1574 2220 1659 2284 ad
1704 2220 2052 2285 ecclesiam
2097 2220 2389 2286 venditio
2458 2220 2691 2285 redeat
2756 2214 2918 2284 simul

575 2328 726 2452 {um
773 2327 850 2371 eo
897 2307 1071 2393 quod
1118 2307 1318 2392 vulgo
1365 2307 1607 2378 dicitur
1650 2307 1920 2372 mezni
1963 2304 2143 2388 wol,
2188 2315 2255 2373 et
2288 2308 2721 2392 conquerenti
2766 2303 2919 2370 satis·

607 2393 803 2456 aciat.
843 2425 931 2440 —-

781 2493 1106 2559 (Sequuntur
1160 2509 1224 2548 ea
1277 2510 1414 2559 quae
1467 2497 1528 2546 in
1561 2496 1820 2562 superiori
1856 2495 2133 2562 privssegio
2170 2496 2237 2549 N.
2271 2499 2361 2550 23.
2413 2496 2513 2548 sub
2550 2499 2601 2562 ὅ,
2643 2499 2704 2562 6,
2738 2498 2787 2560 ’1,
2818 2495 2861 2557 8,
2890 2492 2916 2539 9

574 2561 840 2628 leguntur,
874 2563 1026 2615 hicce
1059 2564 1164 2616 loci
1200 2569 1491 2616 statuentes
1527 2565 1578 2627 ⁷,
1614 2567 1665 2631 8,
1702 2569 1751 2631 9,
1791 2569 1876 2632 10,
1918 2565 2027 2630 11.)

1695 2701 1827 2784 (B.)

747 2823 848 2884 12.
897 2818 1024 2901 „Et
1061 2821 1217 2907 quia
1233 2818 1538 2886 dominus
1553 2841 1727 2906 papa
1738 2821 2155 2886 confirmavit
2200 2819 2621 2906 privilegium
2676 2821 2789 2886 avi
2828 2836 2920 2880 no-

567 2904 684 2969 stri
740 2913 807 2971 et
859 2914 1372 2991 transgressores
1433 2908 2049 2988 excommunicavit,
2094 2923 2215 2970 nos
2260 2905 2425 2972 illud
2474 2905 2784 2972 volumus
2824 2903 2919 2967 ha-

562 2990 720 3056 bere
774 3001 992 3056 ratum
1049 3002 1116 3058 et
1166 2993 1428 3058 firmum
1483 3001 1745 3072 tenere;
1800 2992 2105 3078 ampliori
2158 3001 2377 3058 autem
2422 3002 2691 3058 nostrae
2740 2991 2916 3055 devo·

559 3076 759 3142 tionis
812 3079 1051 3142 affeetu
1103 3087 1380 3144 matrem
1436 3088 1731 3144 nostram
1790 3077 2301 3146 olomucensem
2364 3081 2673 3144 venerari
2721 3077 2915 3144 eccle·

561 3163 726 3228 siam
771 3164 1160 3230 omnimodis
1205 3186 1288 3228 cu
1337 3165 1564 3248 ientes,
1608 3164 1781 3228 hanc
1822 3167 2101 3248 gratiam
2148 3163 2381 3246 eidem,
2426 3187 2513 3230 ex
2572 3187 2763 3230 mera
2824 3183 2918 3226 no-

560 3259 734 3313 strae
781 3249 1201 3334 benignitatis
1243 3187 1639 3318 ligeralitate
1684 3249 2101 3332 conferimus,
2160 3261 2233 3314 ut
2296 3272 2731 3336 quascunque
2792 3269 2918 3334 pos-

561 3337 888 3400 sessiones
932 3345 1230 3402 emerunt
1273 3339 1567 3424 episcopi
1612 3335 1720 3403 vel
1757 3337 2059 3402 canonici
2080 3337 2343 3402 nomine
2374 3336 2723 3418 ecclesiae,
2752 3355 2918 3422 prae-

447 3497 452 3500 ·
558 3421 802 3506 scripta
844 3421 1174 3506 gaudeant
1215 3421 1550 3500 libertate;
1598 3424 1651 3488 si
1699 3443 1855 3488 vero
1900 3423 2249 3509 episcopus
2292 3424 2400 3487 vel
2443 3423 2651 3508 aliqui
2701 3445 2788 3488 ex
2820 3441 2913 3484 ca-

558 3508 814 3571 nonicis
857 3517 1155 3573 emerunt
1195 3508 1266 3572 in
1309 3531 1466 3574 usus
1511 3509 1831 3597 proprios,
1875 3513 2317 3594 respondeant
2362 3509 2648 3594 principi
2698 3529 2918 3572 secun-

559 3593 716 3658 dum
753 3595 866 3680 jus
909 3603 1140 3661 terrae.
1187 3593 1380 3674 Quod
1425 3596 1480 3660 si
1524 3597 1836 3677 temporis
1882 3615 2194 3680 processu
2240 3617 2360 3680 per
2407 3593 2675 3660 illorum
2700 3594 2923 3658 bonam

553 3679 959 3744 voluntatem
1005 3681 1117 3766 qui
1161 3701 1273 3745 eas
1319 3691 1631 3762 emerant,
1676 3680 2043 3766 contigerit,
2090 3691 2163 3744 ut
2218 3679 2536 3746 ecclesiae
2600 3682 2927 3765 assignen-

553 3776 677 3848 tur,
723 3766 1136 3832 decrevimus
1180 3787 1292 3830 eas
1353 3767 1697 3853 subjacere
1757 3766 2091 3852 praefatae
2152 3765 2437 3833 libertati
2502 3773 2569 3832 et
2626 3765 2925 3832 volumus

555 3861 628 3915 ut
671 3851 953 3917 eeclesia
995 3854 1066 3916 in
1111 3853 1404 3937 ipsarum
1447 3853 1734 3938 gaudeat
1777 3850 2133 3938 tranquilla
2180 3853 2614 3937 possessione.

729 3939 826 4002 13.
869 3939 1206 4004 Habentes
1257 3951 1599 4023 praeterea
1664 3939 1734 4006 in
1793 3939 2053 4004 animae
2099 3948 2361 4003 nostrae
2424 3937 2780 4018 desiderio,
2851 3931 2923 3998 ad

552 4021 820 4106 plenum
865 4023 1211 4090 ecclesiam
1253 4025 1403 4106 Dei,
1450 4048 1492 4092 a
1533 4047 1665 4112 quo
1710 4035 1777 4090 et
1818 4047 1936 4111 per
1980 4045 2173 4110 quem
2219 4025 2411 4092 nobis
2452 4025 2775 4088 universa
2800 4043 2923 4108 pro·

550 4110 880 4193 speritatis
924 4119 1196 4176 manant
1251 4115 1616 4193 commoda,
1676 4110 1763 4176 ab
1820 4111 2353 4197 impetitionibus·
2402 4109 2724 4174 indebitis
2789 4127 2923 4173 exo-

548 4215 782 4258 nerare
826 4205 892 4260 et
935 4199 1079 4281 paci
1124 4199 1593 4264 canonicorum
1653 4198 2031 4283 providere:
2098 4198 2270 4261 hauc
2330 4195 2715 4262 libertatem
2775 4192 2923 4280 ipsis

547 4277 973 4370 concedendo
1031 4285 1410 4368 statuimus,
1471 4293 1546 4348 ut
1592 4284 1819 4350 nullus
1884 4284 2392 4350 camerariorum
2459 4279 2563 4348 vel
2622 4300 2925 4366 quorum-
