3150 5017
1512 283 1980 350 -1'22—

733 458 840 522 40.
883 455 1049 522 Item
1092 455 1609 542 compromissio,
1668 452 1846 520 facta
1889 476 2008 542 per
2050 452 2226 520 viros
2269 453 2543 521 idoneos
2583 461 2654 522 et
2695 454 2916 538 soluta,

558 543 973 630 praejudicat
1017 543 1195 606 omni
1230 541 1388 628 juri,
1434 540 1790 607 dummodo
1835 550 2065 608 contra
2109 542 2437 628 justitiam
2486 562 2622 608 non
2666 541 2772 608 fiat
2807 539 2918 608 vel

562 651 972 694 communem
1020 627 1448 694 honestatem.

732 717 838 782 41.
884 715 1229 781 Praeterea
1274 712 1532 779 civibus
1594 713 1891 778 e'usdem
1937 713 2224 779 civitatis
2270 713 2350 778 de
2396 712 2668 801 speciali
2713 714 2908 798 gratia

560 800 873 867 duximus
917 801 1435 881 concedendum,
1480 821 1610 887 quo
1716 801 1771 865 si
1830 797 2095 885 quando
2155 799 2516 865 advocatus
2578 819 2795 868 eorum
2859 807 2922 863 et

560 886 887 967 consules,
951 889 1064 973 qui
1124 908 1241 973 pro
1301 895 1597 971 tempore
1643 886 1770 971 ipsi
1829 885 2236 970 praefuerint
2295 887 2572 969 civitati,
2647 883 2733 950 ali
2777 905 2918 949 uam

561 975 954 1038 sententiam
1002 971 1277 1038 tulerint
1321 972 1405 1038 de
1448 971 1672 1059 aliquo
1732 970 2029 1054 articulo,
2091 973 2204 1059 qui
2265 993 2397 1036 non
2443 973 2531 1038 sit
2575 991 2733 1058 prae
2781 971 2921 1036 ictis

556 1062 862 1134 insertus,
910 1058 1027 1124 sed
1073 1058 1154 1125 de
1182 1080 1354 1124 novo
1399 1057 1741 1124 emerserit
1778 1078 1863 1122 ex
1906 1058 2132 1142 ignota
2157 1078 2390 1125 causa:
2435 1053 2744 1122 volumus
2785 1077 2922 1120 eam

560 1146 954 1211 sententiam
1013 1156 1222 1211 ratam
1291 1153 1357 1210 et
1420 1143 1744 1209 illibatam
1821 1148 2095 1226 servari,
2155 1165 2236 1209 ac
2280 1146 2336 1208 si
2381 1145 2689 1230 superius
2753 1151 2916 1206 esset

556 1233 838 1319 scripta,
906 1231 1260 1298 dummodo
1320 1231 1553 1296 eadem
1599 1231 1926 1296 sententia
1980 1251 2116 1294 non
2177 1232 2261 1294 sit
2321 1240 2552 1294 contra
2603 1227 2922 1316 justitiam

562 1317 671 1382 vel
720 1326 946 1382 contra
1004 1339 1415 1384 communem
1476 1316 1923 1398 honestatem3
1982 1315 2277 1403 alioquin
2338 1316 2394 1380 si
2455 1324 2690 1381 contra
2739 1315 2920 1400 justi·

554 1404 714 1468 tiam
759 1400 957 1468 fuerit
998 1402 1109 1470 vel
1155 1425 1563 1470 communem
1596 1402 2026 1484 honestatem,
2071 1423 2216 1467 eam
2261 1403 2515 1471 irritam
2562 1421 2708 1468 esse
2751 1399 2922 1465 volu·

556 1511 705 1555 mus
750 1498 817 1553 et
859 1491 1141 1556 inanem.
1190 1513 1197 1518 ·

732 1575 812 1639 In
838 1576 941 1660 cuj
952 1595 1027 1640 us
1048 1575 1515 1656 renovationis,
1565 1574 2079 1640 confirmationis
2101 1582 2166 1639 et
2187 1573 2634 1639 concessionis
2663 1579 2916 1639 nostrae

562 1661 1003 1726 testimonium
1075 1670 1140 1726 et
1182 1660 1383 1730 robur
1457 1672 1770 1747 perpetuo
1846 1657 2224 1742 valiturum,
2283 1681 2602 1746 praesens
2663 1657 2916 1744 privile-

556 1747 738 1832 gium
782 1747 924 1810 fieri
969 1756 1035 1812 et
1078 1746 1311 1834 sigillis
1356 1747 1723 1832 MaJestatis
1767 1755 2034 1810 nostrae
2065 1748 2390 1833 jussimus
2435 1743 2841 1810 communiri.

732 1833 975 1897 Actum
1023 1842 1087 1898 et
1146 1833 1369 1898 datum
1418 1835 1485 1896 in
1530 1833 1950 1899 Krenenhicz
2011 1852 2185 1897 anno
2246 1833 2521 1896 Domini
2584 1829 2920 1896 millesimo

558 1916 1012 2069 aucentesimo
1057 1917 1594 2006 Septuagesimo,
1651 1919 1733 1988 V.
1790 1917 2134 1984 Kalendas
2179 1916 2622 2005 Septembris,
2667 1915 2791 1984 IV.
2831 1915 2918 1980 in·

608 2004 887 2069 'ctionis.

1696 2285 1801 2349 62.

562 2395 991 2500 'Pl-astatus
1044 2387 1263 2523 pacis
1304 2420 1549 2502 ⁴inter
1600 2419 2136 2524 Premyslaum
2204 2419 2560 2504 Boemiae
2635 2419 2717 2499 et
2775 2412 2917 2498 Ste

556 2529 565 2564 ²
1180 2521 2308 2719 Ρωᾞῗῖῆῑῖῑῗῑπθὲω·

766 2797 813 2847 E
848 2797 1079 2862 Regesto
1116 2795 1359 2864 Gregorii
1392 2799 1460 2848 X.
1492 2799 1552 2847 in
1587 2798 1870 2849 tabulariis
1902 2800 2197 2852 Vaticanis.
2235 2801 2471 2863 (Bocaek
2505 2803 2655 2869 Dipl.
2682 2789 2789 2856 '1v.
2823 2801 2915 2868 52.)

731 2863 1093 2927 Otacharus
1137 2865 1264 2929 Dei
1308 2867 1521 2948 gratia
1566 2887 1687 2930 rex
1709 2863 2036 2947 Boemiae,
2083 2868 2223 2932 dux
2267 2870 2598 2951 Austriae,
2647 2869 2910 2956 Styriae,

560 2948 957 3027 Carinthiae,
994 2950 1413 3036 marchioque
1434 2951 1794 3033 Moraviae‚
1839 2951 2144 3018 dominus
2169 2953 2549 3040 Carniolae,
2573 2955 2912 3036 Marchiae‚

558 3040 775 3126 Egrae
821 3044 886 3099 et
928 3035 1165 3100 Portus
1210 3037 1480 3101 Naonis.

730 3121 1111 3209 Universis··
1134 3123 1576 3208 praesentium
1639 3125 1937 3189 notitiam
1994 3123 2317 3193 habituris
2380 3128 2668 3194 salutem
2715 3129 2786 3194 in
2830 3149 2914 3192 sa·

562 3210 721 3275 lutis
769 3214 1053 3274 auctor&
1524 3243 1529 3252 ‹

731 3296 918 3360 Licet
973 3294 1228 3357 aeterni
1284 3294 1457 3377 regis
1514 3295 1790 3380 imperio
1849 3297 2142 3380 generali
2201 3306 2352 3384 post
2397 3299 2566 3364 coeli
2613 3308 2681 3365 et
2723 3309 2915 3366 terrae

556 3383 908 3446 transitum
971 3384 1139 3442 teste
1206 3379 1482 3443 veritate
1548 3380 1934 3466 evangelica
2001 3381 2316 3448 duraturo
2398 3406 2634 3470 parere
2705 3387 2916 3452 deceat

560 3469 928 3543 universos,
997 3462 1347 3550 specialius
1404 3473 1627 3530 tamen
1686 3487 1998 3551 personas
2057 3467 2462 3534 sublimitate
2505 3473 2695 3556 regia
2737 3469 2909 3536 deco·

557 3561 735 3617 ratas
780 3551 989 3637 ipsius
1031 3559 1453 3636 praeceptum
1500 3553 1569 3614 in
1615 3573 1797 3637 pace,
1844 3574 2013 3639 quae
2058 3556 2350 3619 caritatis
2395 3563 2499 3620 est
2565 3557 2910 3634 vinculum,

560 3635 977 3702 observanda
1020 3638 1259 3700 mentis
1303 3659 1459 3701 suae
1503 3635 1749 3702 habere
1795 3641 2102 3704 continue
2149 3643 2464 3708 convenit
2507 3642 2580 3707 in
2626 3641 2912 3714 archivis,

559 3722 787 3790 subtili
849 3721 1391 3788 considerationis
1452 3721 1839 3789 liberamine
1899 3724 2321 3806 attendendo,
2384 3729 2569 3813 quod
2615 3728 2703 3794 ex
2745 3725 2820 3792 ea
2860 3730 2914 3790 et

553 3829 865 3894 per-eam
912 3805 1160 3870 eisdem
1204 3808 1391 3892 quies
1438 3811 1751 3894 corporis,
1799 3811 2000 3874 animi
2045 3811 2498 3898 tranquillitas
2566 3813 2635 3879 e't
2678 3813 2912 3898 subjec-

562 3894 648 3956 tis
690 3895 919 3958 votiva
962 3890 1305 3976 opulentia
1348 3895 1778 3974 praebeatur3
1825 3898 2206 3981 praesertim
2256 3920 2408 3962 cum
2457 3902 2713 3965 aeterni
2755 3895 2910 3980 regis

562 3975 736 4042 filius
779 3979 848 4041 in
894 3980 1110 4041 sinum
1155 3975 1357 4063 patris
1396 3981 1912 4060 undevenerat,
1974 4003 2392 4066 regressurus
2441 3985 2786 4072 apostolici
2827 4002 2910 4046 or·

558 4061 735 4126 dinis
782 4063 1013 4141 coetui,
1072 4085 1193 4148 per
1251 4085 1443 4149 quem
1484 4066 1724 4130 orbem
1773 4067 2009 4131 instrui
2054 4067 2264 4134 voluit
2309 4073 2716 4154 universum,
2781 4071 2910 4152 post

560 4146 873 4213 salutaria
914 4157 1263 4235 praecepta
1352 4172 1539 4216 acem
1598 4152 1990 4217 servandam
2051 4153 2397 4241 reliquerit
2429 4167 2511 4224 :et
2555 4155 2908 4229 tenendam,

562 4253 733 4320 quae
790 4233 912 4299 etsi
972 4255 1059 4298 ex
1117 4256 1273 4300 man
1320 4237 1411 4300 ati
1469 4236 1770 4304 coelestis
1814 4235 2168 4308 latitudine
2211 4240 2301 4307 ad
2345 4245 2704 4312 universos
2749 4248 2812 4308 et
2847 4239 2904 4303 in

3071 1907 3073 2012 ἰ
