3150 5017
565 325 849 371 ranam.
1525 342 1603 355 —
1696 306 1821 371 346
1918 344 1999 355 —

573 477 776 559 nebit,
821 486 1045 543 nostro
1089 479 1158 541 in
1204 494 1281 543 eo
1329 487 1395 543 et
1439 486 1813 544 nostrorum
1862 480 2105 544 civium
2145 479 2297 565 jure
2342 477 2548 543 salvo.
2627 484 2685 561 ξ.
2730 479 2814 544 14.
2851 478 2910 545 Si

575 572 795 630 autem
843 562 1034 629 stollo
1079 564 1497 647 exsiccandO,
1560 574 1627 630 et
1686 566 1856 647 aliis,
1920 567 2092 631 sicut
2134 568 2319 653 prius
2364 565 2610 630 dictum
2672 564 2775 647 est,
2822 564 2913 649 jus

581 650 880 716 stollonis
906 648 1217 717 deficeret
1261 650 1579 732 obtinere,
1627 660 1873 719 extunc
1905 652 2295 739 simpliciter
2336 654 2425 715 e'x
2446 660 2719 738 utraque
2758 658 2912 737 parte

574 736 705 802 loci
748 736 947 818 illius,
995 738 1104 802 ubi
1153 737 1491 803 metallum
1537 740 1881 805 inventum
1928 739 2145 821 fuerit,
2208 740 2379 805 sicut
2422 737 2573 803 aliis
2614 738 2795 803 nobis
2832 738 2913 801 in·

577 824 978 905 ventoribus‚
1026 833 1300 910 quartus
1346 824 1601 891 medius
1647 825 1879 891 laneus
1927 835 2363 892 mensuretur.
2452 824 2733 890 Demum
2772 822 2918 888 lanei

573 911 800 991 nostri,
862 912 1102 975 civium
1153 921 1217 975 et
1263 912 1700 993 dominorum,
1744 911 1977 977 eodem
2040 913 2269 979 ordine
2315 921 2785 978 mensurentur.
2834 908 2922 973 Ex

574 1005 850 1081 utraque
897 1019 1052 1063 vero
1085 1008 1272 1084 parte
1298 998 1516 1063 dictae
1565 1017 1914 1063 mensurae
1942 1000 2257 1087 deinceps
2302 999 2388 1063 sit
2427 998 2713 1063 liberum
2755 997 2922 1062 omni-

575 1081 699 1147 bus
745 1081 992 1149 ibidem
1038 1082 1414 1150 volentibus
1450 1084 1785 1166 laberare3
1832 1087 1987 1171 quia
2034 1105 2169 1152 non
2192 1094 2384 1174 parat
2404 1085 2928 1172 impedimentum,

573 1170 750 1255 quod
795 1168 879 1236 de
913 1171 1064 1253 jure
1113 1170 1369 1237 nullum
1417 1174 1685 1237 sortitur
1730 1172 2057 1238 effectum.

1682 1435 1917 1518 Incipit

1250 1566 1667 1653 Liber
1753 1570 2315 1655 tertius

811 1688 1400 1760 Gloriosissimi
1447 1690 1858 1775 Principis
1905 1691 2242 1763 Domini
2285 1692 2745 1764 wenceslai

1396 1778 1614 1861 regis
1656 1780 2115 1850 Bohemiae.

1644 1955 1815 2039 Cap.
1866 1956 1915 2020 Ι.

1447 2072 1548 2136 De
1596 2074 2103 2140 concessionibus.

748 2211 946 2277 Nunc
1003 2209 1090 2274 ad
1165 2212 1663 2275 concessionum
1750 2211 2094 2278 materiam
2178 2220 2613 2291 transeamus,
2694 2230 2940 2299 quarum

582 2324 742 2369 cura
785 2300 960 2363 inter
1003 2306 1252 2362 ceteras
1297 2297 1487 2382 regni
1533 2300 1739 2362 nostri
1786 2297 2268 2363 sollicitudines
2313 2298 2615 2385 pluribus
2662 2296 2938 2364 noctibus

581 2410 706 2455 nos
732 2383 950 2451 reddit
971 2386 1373 2469 insompnes‚
1421 2383 1696 2449 diurnos
1717 2386 1915 2451 etiam
1940 2393 2125 2449 actus
2154 2385 2431 2451 diversis
2456 2382 2942 2471 cogitationibus

580 2471 988 2558 occupand0,
1034 2491 1112 2535 eo
1138 2469 1314 2556 quod
1337 2469 1420 2535 ad
1444 2469 1781 2556 litigantes
1806 2472 2091 2537 civiliter
2110 2472 2530 2559 quaestiones
2565 2470 2799 2538 mundi
2826 2471 2942 2533 fere

579 2562 864 2647 majores
923 2580 1006 2621 ex
1063 2558 1355 2641 ipsarum
1419 2560 1885 2623 controversiis
1932 2558 2339 2644 frequentius
2408 2559 2736 2625 oriuntur.
2822 2556 2944 2623 Nec

580 2648 684 2713 fas
725 2655 824 2710 est
868 2643 992 2708 hoc
1038 2642 1337 2728 probare,
1383 2643 1558 2729 quod
1590 2654 1731 2709 tam·
1748 2645 1920 2729 juris
1938 2646 2258 2721 canonici,
2305 2667 2501 2730 quam
2534 2644 2757 2709 civilis
2800 2644 2945 2708 ratio

581 2731 978 2811 manifestat,
1023 2730 1251 2795 dicens
1295 2730 1512 2816 quoad
1557 2729 1911 2816 litigantes,
1958 2732 2271 2818 majorem
2318 2752 2460 2797 esse
2506 2733 2946 2817 quaestionem

580 2823 752 2885 inter
796 2817 1326 2901 duos'pauperes
1351 2815 1433 2881 de
1455 2817 1711 2881 modico
1750 2820 1995 2903 cespite
2040 2827 2272 2899 terrae,
2321 2839 2516 2904 quam
2568 2820 2751 2883 inter
2794 2816 2943 2881 duos

579 2926 770 2992 reges
817 2903 898 2969 de
944 2925 1076 2968 uno
1100 2904 1357 2987 integro
1378 2924 1603 2988 regno.
1651 2903 1821 2968 Nam
1868 2906 2189 2990 contingit
2220 2904 2502 2991 saepius,
2556 2905 2746 2989 quod
2793 2904 2944 2968 inter

581 2992 1036 3079 pauperrimos
1083 2997 1432 3054 montanos
1493 2989 1660 3054 nihil
1728 2995 1888 3055 certi
1950 2991 2287 3071 habentes,
2350 2989 2462 3054 ubi
2508 3001 2709 3055 nocte
2754 2992 2949 3076 prima

583 3086 783 3165 caput
842 3098 1031 3141 suum
1114 3074 1458 3157 reclinent,
1535 3084 1649 3140 aut
1708 3076 1885 3141 unde
1948 3077 2055 3143 die
2117 3076 2511 3143 adveniente
2571 3080 2785 3143 victui
2842 3094 2947 3140 suo

582 3166 882 3232 tribuant
901 3162 1306 3244 alimentum,
1355 3162 1601 3227 arduae
1648 3165 2071 3249 quaestiones
2119 3165 2201 3228 de
2250 3162 2799 3229 concessionibus
2842 3163 2951 3227 ori·

583 3260 802 3333 untur,
850 3249 935 3315 ad
981 3250 1334 3314 multarum
1383 3269 1752 3314 marcarum
1800 3249 2009 3316 millia
2052 3271 2124 3315 se
2167 3248 2622 3316 extendentes.
2674 3250 2948 3335 Ideoque

583 3339 830 3425 pluries
877 3336 1072 3401 nobis
1117 3336 1457 3420 contingit,
1505 3334 1648 3401 dies
1695 3357 1773 3400 ac
1818 3346 2046 3402 noctes
2081 3357 2229 3400 cum
2277 3338 2454 3401 omni
2500 3335 2949 3402 lucubratione

583 3426 842 3511 degere,
889 3434 1214 3511 quatenus
1259 3430 1392 3487 tam
1441 3422 1759 3487 divitibus
1805 3444 2001 3509 quam
2042 3422 2444 3509 pauperibus
2489 3425 2741 3488 nostris
2786 3433 2945 3487 mon‘-

578 3514 752 3577 tanis
814 3512 883 3573 in
943 3518 1042 3574 tot
1101 3511 1318 3573 causis
1383 3508 1603 3573 arduis
1663 3508 2119 3574 laborantibus
2180 3530 2394 3596 aequa
2459 3508 2649 3573 lance
2703 3510 2954 3594 justitia

578 3599 982 3664 observetur.
1072 3595 1241 3659 Nam
1305 3595 1593 3660 secundo
1656 3594 1825 3660 libro
1886 3598 2045 3660 satis
2110 3594 2355 3660 dictum
2422 3602 2521 3660 est
2598 3595 2684 3660 de
2734 3594 2945 3662 stello-

575 3708 731 3751 num
758 3680 1310 3757 concessionibus,
1355 3680 1761 3769 aliorumque
1784 3678 2326 3748 hereditariorum
2352 3681 2952 3767 argentifodiorum,

582 3793 751 3857 quae
798 3769 1010 3835 solum
1103 3790 1173 3833 er
1215 3767 1598 3833 urburarios
1644 3770 2117 3834 conceduntur.

755 3860 816 3938 ξ.
847 3863 900 3921 l.
949 3792 1096 3920 Sed)
1107 3877 1284 3920 nunc
1310 3854 1390 3919 de
1408 3854 1816 3940 simplicibus
1840 3854 2185 3919 videamus
2205 3852 2774 3938 concessionibus,
2802 3872 2956 3941 quae

579 3942 748 4008 fiunt
771 3944 839 4005 in
862 3942 1071 4007 laneis
1095 3942 1356 4020 nostris,
1400 3942 1470 4007 in
1496 3941 1705 4005 laneis
1723 3939 2133 4006 dominorum
2171 3950 2236 4007 et
2280 3942 2348 4005 in
2396 3940 2955 4027 superfluitatibus

583 4050 700 4114 per
743 4028 1126 4095 urburarios
1171 4028 1605 4114 supradictos.
1652 4026 1854 4091 Fiunt
1884 4029 2081 4092 etiam
2123 4026 2285 4092 haec
2330 4029 2803 4094 concessiones
2848 4046 2953 4113 per

581 4116 928 4200 magistros
974 4117 1294 4179 montium
1341 4122 1406 4179 et
1449 4113 1717 4179 colonos
1756 4113 2157 4199 principales
2203 4114 2273 4177 in
2319 4123 2569 4201 septem
2614 4114 2839 4180 laneis
2882 4110 2955 4176 ad

583 4211 868 4267 montem
917 4199 1275 4287 quemlibet
1333 4200 1747 4278 mensuratis,
1808 4209 1872 4265 et
1930 4202 2000 4265 in
2061 4201 2237 4267 omni
2285 4198 2751 4286 argentifodio,
2818 4218 2953 4265 cum

583 4287 746 4351 adeo
792 4308 980 4352 suum
1025 4285 1531 4373 argentifodium
1579 4285 2062 4372 ampliaverint,
2139 4284 2313 4371 quod
2374 4286 2643 4353 difficile
2708 4289 2803 4353 sit
2876 4286 2959 4353 eis
