3150 5017
1433 321 1867 388 ...44-

461 511 689 562 eorum
736 493 1193 575 vencezlaum,
1229 477 1446 568 'filium
1491 495 1701 581 ipsius
1745 495 1919 580 regis
1941 495 2255 558 Boemiae
2298 494 2836 580 primogenitum3

465 589 735 666 propter
777 579 956 667 quod
996 580 1328 666 Majestati
1371 589 1635 645 nostrae
1680 583 1990 646 attentius
2036 579 2509 666 supplicarunt,
2554 589 2628 644 ut
2670 579 2837 645 elec·

461 666 708 730 tionem
751 669 960 754 ipsius
1003 664 1357 734 Vencezlai
1401 675 1609 730 ratam
1654 665 2043 731 haberemus
2088 677 2155 731 et
2197 666 2475 749 firmam,
2516 674 2585 732 et
2625 664 2835 732 eidem

347 724 363 842 l
463 761 759 816 nostrum
806 752 1166 838 benignum
1209 753 1697 838 impartiremur
1736 773 2097 819 assensum.

635 837 774 904 Nos
817 847 1054 914 autem,
1101 838 1254 925 quia
1297 839 1556 905 votivae
1604 838 2101 924 supplicationis
2146 836 2343 924 hujus
2386 838 2689 904 affectum
2754 857 2840 900 ex

461 941 743 1007 magnae
787 923 1120 989 fidelitatis
1165 924 1397 990 ardore
1419 925 1725 988 novimus
1769 926 2134 1010 provenire,
2178 922 2669 988 considerantes
2700 923 2836 986 sin-

463 1010 798 1075 ceritatem
857 1009 1012 1075 fidei
1055 1019 1120 1076 et
1163 1031 1366 1096 purae
1411 1009 1779 1075 devotionis
1824 1012 2030 1096 ipsius
2077 1009 2378 1091 Odacrii‚
2439 1010 2611 1094 regis
2672 1010 2838 1073 Boe·

463 1091 655 1174 miae,
702 1117 898 1181 quam
945 1117 1102 1181 erga
1129 1096 1546 1182 Majestatem
1590 1106 1880 1162 nostram
1926 1095 2245 1161 hactenus
2268 1095 2577 1160 habuisse
2614 1094 2839 1178 digno-

463 1181 687 1261 scitur,
731 1181 1146 1248 attendentes
1191 1184 1386 1248 etiam
1434 1181 1751 1268 obsequia
1814 1182 1933 1246 filii
1980 1183 2081 1246 sui
2140 1180 2519 1246 Vencezlaii
2536 1229 2553 1263 ,
2614 1180 2835 1244 dilecti

463 1267 700 1331 sororii
741 1269 982 1350 nostri,
1028 1289 1195 1354 quae
1241 1267 1429 1334 nobis
1473 1277 1540 1333 et
1583 1270 1855 1354 imperio
1900 1267 2183 1332 fideliter
2224 1269 2465 1354 poterit
2506 1265 2841 1347 exhibere,

463 1349 548 1416 de
589 1350 785 1422 solita
825 1357 1040 1438 gratia
1081 1363 1308 1420 nostra
1350 1362 1416 1420 et
1459 1355 1733 1419 consilio
1778 1355 2147 1439 principum
2192 1364 2259 1419 et
2305 1361 2683 1438 magnatum
2720 1353 2840 1415 im-

373 1449 387 1525 5
545 1438 646 1522 rii,
691 1439 802 1525 qui
847 1451 1007 1504 tunc
1049 1441 1226 1504 circa
1269 1460 1392 1503 nos
1413 1438 1806 1521 existebant,
1832 1439 2214 1505 electionem
2286 1439 2603 1504 raefatam
2629 1447 2837 1502 ratam

371 1536 380 1601 ι
507 1521 782 1590 abemus
837 1534 908 1590 et
963 1525 1217 1590 firmam
1242 1571 1261 1606 ,
1321 1533 1389 1589 et
1447 1525 1867 1590 concedimus
1926 1524 2141 1590 eidem
2266 1524 2568 1590 enceslao
2628 1532 2840 1588 totum

371 1604 380 1687 ξ
459 1631 737 1694 regnum
781 1610 1113 1691 Boemiae‚
1161 1631 1309 1674 cum
1353 1611 1651 1676 terminis
1695 1619 1761 1676 et
1805 1613 1984 1676 omni
2020 1613 2171 1698 jure
2215 1619 2283 1677 et
2326 1611 2573 1676 honore
2618 1631 2697 1675 ac
2738 1631 2843 1674 ra·

373 1725 379 1773 t
461 1694 754 1760 tionibus
797 1694 1010 1762 eidem
1055 1717 1258 1780 regno
1302 1695 1799 1783 pertinentibus,
1837 1698 2009 1762 sicut
2050 1699 2266 1784 ipsum
2324 1719 2599 1782 regnum
2658 1705 2846 1782 pater
2922 1713 2937 1728 ’

375 1788 382 1869 ξ
471 1799 631 1844 suus
673 1789 742 1845 et
785 1779 898 1845 alii
943 1784 1484 1869 praedecessores
1527 1785 1646 1866 sui,
1669 1793 1805 1849 tam
1832 1783 2053 1867 duces,
2072 1805 2273 1870 quam
2294 1804 2505 1868 reges,
2530 1801 2843 1869 umquam

377 1876 390 1930 ἱ
475 1865 710 1930 melius
753 1875 1108 1932 tenuerunt
1151 1878 1220 1934 et
1258 1869 1711 1955 possederunt.

631 1950 1028 2019 Mandamus
1071 1954 1294 2042 itaque
1337 1963 1402 2019 et
1427 1955 1701 2022 firmiter
1723 1957 2089 2037 statuimus,
2132 1961 2209 2018 ut
2232 1973 2663 2040 quaecunque
2696 1973 2839 2038 per·

465 2057 631 2102 sona
675 2039 1120 2106 ecclesiastica
1183 2040 1291 2106 vel
1351 2041 1665 2108 secularis
1710 2042 1883 2108 hanc
1938 2049 2251 2107 nostram·
2286 2039 2843 2106 confirmationem

465 2131 532 2188 et
575 2127 1068 2192 concessionem
1113 2125 1475 2212 infringere
1519 2128 1625 2194 vel
1674 2147 1998 2192 evacuare
2058 2127 2601 2213 praesumpserit,
2664 2122 2843 2190 mille

464 2207 668 2276 libras
712 2213 856 2276 auri
915 2214 1066 2298 puri
1127 2221 1520 2299 componat,
1567 2234 1842 2298 quarum
1902 2213 2219 2278 medietas
2278 2213 2501 2276 curiae
2560 2219 2844 2291 nostrae,

469 2295 677 2363 altera
719 2317 876 2363 vero
923 2298 1230 2383 injuriam
1277 2301 1496 2385 passis
1534 2298 1969 2384 persolvatur.

637 2379 730 2447 Ut
773 2391 990 2448 autem
1035 2381 1202 2448 haec
1223 2394 1367 2449 rata
1388 2394 1454 2450 et
1475 2384 1665 2449 firma
1686 2386 1755 2448 in
1779 2393 2167 2472 perpetuum
2190 2390 2629 2470 perseverent,
2656 2403 2843 2468 prae·

463 2487 622 2566 sens
661 2468 1080 2554 privilegium
1129 2469 1328 2535 scribi
1373 2479 1438 2536 et
1479 2469 1665 2536 bulla
1688 2492 1887 2536 aurea
1908 2472 2165 2557 typario
2188 2479 2449 2536 nostrae
2472 2468 2843 2556 MaJestatis

461 2573 784 2638 impressa
828 2557 1280 2641 praecepimus
1326 2555 1735 2621 communiri.

635 2637 857 2704 Hu’us
902 2641 998 2706 rei
1043 2651 1240 2706 testes
1285 2651 1468 2708 sunt:
1517 2642 1843 2730 Syffridus
1866 2642 2304 2727 Augustensis
2328 2641 2545 2728 episco
2594 2661 2691 2720 us,
2715 2637 2840 2704 Vl-

463 2723 638 2788 ricus
695 2747 738 2790 a
786 2725 904 2790 bas
968 2725 1193 2792 Sancti
1240 2727 1451 2811 Galli,
1499 2728 1685 2794 Cono
1745 2728 1953 2794 abbas
2011 2729 2451 2808 Elwacensis,
2580 2726 2844 2790 enricus

465 2807 674 2876 abbas
719 2812 1264 2898 Campidonensis
1281 2861 1300 2896 ,
1361 2814 1686 2883 Radulfus
1730 2815 2065 2901 palatinus
2110 2835 2329 2880 comes
2374 2813 2457 2878 de
2499 2814 2845 2896 Twingen,

461 2917 680 2963 comes
743 2898 1232 2964 Hartemannus
1278 2900 1358 2966 de
1402 2899 1823 2968 Wirtenberc
1845 2948 1863 2983 ,
1932 2921 2152 2965 comes
2195 2897 2580 2966 Lodowicus
2640 2897 2845 2961 frater

461 2983 627 3068 ejus,
679 2983 1101 3051 Hermannus
1167 2985 1454 3051 marchio
1501 2994 1585 3052 de
1628 2987 1894 3069 Baden,
1955 2986 2153 3070 Hugo
2190 2987 2448 3072 junior,
2506 2983 2842 3069 palatinus

459 3089 680 3136 comes
726 3070 806 3136 de
849 3071 1198 3156 Twingen,
1267 3094 1486 3138 comes
1530 3073 1916 3138 Lodowicus
1960 3071 2044 3138 de
2090 3072 2445 3157 Ottyngen,
2488 3068 2843 3135 Bertoldus

461 3154 544 3218 de
587 3147 870 3242 Nyphen
887 3203 906 3239 ,
951 3157 1308 3223 Anselmus
1355 3158 1436 3224 de
1477 3159 1833 3244 Justingen
1876 3156 2331 3234 marescalcus,
2375 3155 2711 3225 Walterus
2756 3153 2841 3219 de

463 3238 668 3326 Syph.
713 3242 1030 3326 pincerna
1073 3253 1140 3308 et
1182 3244 1292 3308 alii
1341 3266 1540 3330 quum
1584 3244 1825 3332 plureS.

635 3325 782 3412 Ego
829 3327 1171 3394 Conradus
1215 3330 1529 3396 Metensis
1573 3340 1641 3396 et
1683 3331 2013 3418 Spirensis
2057 3330 2441 3416 episcopus,
2484 3324 2844 3414 imperialis

456 3409 648 3476 aulae
693 3413 1144 3496 cancellarius,
1194 3417 1338 3483 vice
1383 3415 1631 3482 domini
1678 3417 1926 3482 Siffridi
1969 3416 2265 3500 Mogunt.
2309 3414 2483 3480 sedis
2528 3412 2842 3498 archiepis

457 3499 640 3585 scopi
685 3509 750 3566 et
792 3499 990 3566 totius
1037 3501 1430 3578 Germaniae
1476 3502 2053 3584 archicancellarii,
2098 3502 2471 3586 recognovi.

639 3584 814 3650 Acta
857 3594 1012 3650 sunt
1053 3586 1219 3652 haec
1264 3610 1437 3653 anno
1458 3587 1824 3653 dominicae
1847 3589 2315 3652 incarnationis
2339 3585 2683 3652 millesimo
2721 3582 2835 3647 du·

459 3672 814 3737 centesimo
859 3673 1322 3756 sextodecim0‚
1371 3676 1647 3761 septimo
1692 3673 2031 3739 Kalendas
2076 3674 2403 3759 Augusti,
2471 3671 2845 3737 Indictione

459 3766 716 3906 {natta
759 3757 1102 3842 Regnante
1148 3758 1413 3825 domino
1478 3769 1701 3826 nostro
1746 3761 2082 3826 Friderico
2128 3758 2416 3842 secundo
2460 3758 2589 3822 Dei
2634 3756 2848 3841 gratia

523 3863 904 3909 omanorum
951 3867 1106 3931 rege
1151 3868 1408 3932 semper
1429 3847 1731 3930 Augusto
1768 3855 1833 3911 et
1854 3868 1923 3912 re
1973 3869 2008 3911 e
2034 3845 2316 3910 Siciliae.
2361 3845 2559 3911 Anno
2591 3841 2847 3908 romani

465 3929 654 4012 regni
701 3929 906 4016 ipsius
998 3940 1186 3996 uarto
1231 3941 1296 3998 et
1343 3930 1607 3996 Siciliae
1652 3941 1884 3998 octavo
1979 3932 2185 3996 ecimo
2232 3931 2531 3996 feliciter.
2614 3929 2849 3994 Amen.

635 4014 790 4080 Dat.
837 4038 968 4102 apu
1060 4017 1337 4096 Vlmam‚
1385 4039 1504 4104 per
1547 4039 1785 4083 manus
1830 4019 2117 4084 Bertoldi
2165 4019 2247 4084 de
2290 4017 2597 4104 Nyphen,
2642 4016 2843 4100 impe·

461 4097 642 4186 rialis
666 4099 856 4170 aulae
884 4103 1375 4190 prothonotarii.
1425 4106 1614 4174 Anno
1660 4127 1883 4172 mense
1908 4113 1974 4172 et
1996 4106 2353 4174 indictione
2385 4099 2838 4192 praetitulatis.
