3150 5017
451 315 584 360 ΜΒ.
632 315 702 368 11.
1399 331 1488 340 —
1573 290 1705 358 336
1790 329 1876 340 -—

449 464 740 532 debitam
785 465 1092 531 fenestris
1135 464 1573 530 luminaribus
1617 462 1977 548 expeditis3
2026 465 2303 550 insuper
2342 483 2413 528 re
2460 461 2717 544 uiritur,
2762 468 2839 528 ut

452 552 748 640 quolibet
788 573 966 618 anno
1009 551 1096 616 ad
1141 551 1380 632 minus,
1427 553 1482 616 si
1525 549 1677 637 plus
1722 573 1855 616 non
1878 551 2185 636 poterint,
2230 571 2421 636 comp
2450 558 2607 614 eant
2630 569 2833 614 unam

447 660 826 704 mensuram
873 661 1022 704 eum
1069 637 1371 703 stollonis
1415 640 1631 726 capite
1676 636 2115 726 procedendo,
2173 645 2239 701 et
2296 636 2421 702 hoc
2482 635 2835 700 manifeste

454 724 652 792 debet
716 748 836 813 per
902 727 995 792 rei
1065 724 1466 791 evidentiam
1532 745 1889 810 apparer03
1987 722 2091 788 his
2166 723 2389 808 itaque
2455 720 2836 808 adimpletis

451 834 640 878 suum
689 811 1034 878 stollonem
1109 814 1250 876 sine
1297 813 1683 898 cujusquam
1729 810 2149 876 infestatione
2192 830 2341 874 cum
2378 810 2643 895 justitia
2686 829 2836 894 pos-

453 899 782 966 sidebunt.
873 902 928 986 §-
977 902 1036 966 7.
1111 899 1180 966 Si
1248 920 1406 964 vero
1473 898 1837 966 defecerint
1896 898 1966 962 in
2026 895 2381 982 praedictis
2443 895 2551 960 vel
2610 893 2837 982 aliquo

451 986 968 1073 praedictorum=
1015 987 1196 1050 omni
1231 986 1402 1072 jure,
1449 985 1627 1074 quod
1670 987 1743 1052 in
1772 986 1919 1070 ipso
1964 982 2247 1050 stollone
2266 981 2624 1062 habebant,
2646 1003 2839 1069 prae-

451 1073 658 1138 sentis
703 1073 1191 1138 constitutionis
1235 1073 1502 1140 oraculo
1547 1073 1681 1138 sint
1726 1070 1989 1157 privati.
2049 1071 2103 1155 ἓ.
2150 1075 2211 1134 8.
2258 1069 2399 1136 Nec
2442 1077 2662 1134 tamen
2708 1068 2837 1134 eri·

449 1181 600 1224 mus
643 1159 956 1238 contenti,
1015 1179 1164 1222 cum
1225 1157 1470 1224 multae
1530 1159 1963 1244 proprietates
2022 1155 2412 1221 stollonibus
2455 1154 2840 1223 tribuantur

451 1245 534 1312 de
577 1266 894 1332 processu
935 1245 1136 1310 unius
1179 1243 1384 1308 solius
1429 1265 1779 1310 mensurae
1856 1265 1929 1310 er
1953 1252 2163 1310 totum
2185 1245 2515 1328 integrum
2562 1263 2833 1318 annum,

451 1334 506 1398 si
551 1331 665 1398 alii
711 1329 1164 1416 diligentiores
1209 1329 1492 1398 cultores
1537 1331 1725 1398 infra'
1757 1329 1803 1394 il
1839 1331 1927 1396 ud
1972 1340 2233 1416 tempus
2276 1330 2654 1413 potuissent
2672 1329 2843 1396 ulte·

456 1420 596 1486 rius
639 1419 1061 1504 processisse.
1149 1415 1346 1482 Unde
1392 1416 1562 1484 bene
1608 1417 1914 1502 congruit
1970 1417 2211 1485 nostris
2257 1414 2618 1485 urbm-ariis
2662 1417 2839 1501 vigi·

457 1505 620 1570 lanti
667 1504 885 1572 studio
930 1504 1034 1568 his
1079 1503 1488 1590 diligentiam
1557 1503 1897 1585 adbibere,
1958 1525 2043 1568 ne
2086 1505 2157 1567 in
2200 1502 2326 1569 hae
2370 1513 2556 1588 parte
2600 1503 2831 1574 viden-

451 1591 632 1657 tibus
699 1590 908 1656 ooulis
955 1589 1463 1673 defraudenter3
1529 1598 1597 1656 et
1661 1589 1747 1654 ad
1814 1590 2129 1676 majorem
2196 1590 2523 1657 cautelam
2586 1589 2845 1656 faciant

457 1676 739 1762 singulis
785 1676 982 1744 annis
1008 1675 1341 1753 stollones,
1385 1675 1470 1744 de
1514 1676 1757 1763 quibus
1802 1677 2090 1763 suspicio
2134 1675 2437 1757 habetur,
2480 1698 2600 1764 per
2644 1697 2839 1743 scan-

455 1785 638 1830 sores
683 1762 790 1828 vel
837 1764 1288 1848 carpentarios
1331 1763 1677 1848 generales
1698 1763 1821 1828 sub
1845 1760 2018 1830 bono
2042 1764 2417 1830 testimonio
2438 1763 2840 1848 consignari.

452 1856 514 1934 ξ.
561 1851 622 1916 9.
668 1849 864 1932 Quod
909 1853 966 1916 si
1010 1849 1376 1916 stollonarii
1419 1872 1538 1938 per
1582 1871 1829 1916 annum
1874 1850 2201 1934 integrum
2250 1849 2357 1916 vel
2400 1850 2553 1937 plus
2594 1851 2667 1916 in
2714 1867 2841 1916 suo

456 1936 736 2004 stollone
795 1937 1202 2003 cessaverint
1266 1936 1587 2018 laborare,
1650 1957 1731 2002 ae
1775 1945 1925 2023 post
1968 1935 2133 2002 illud
2176 1945 2438 2022 tempus
2482 1954 2699 2004 resum
2750 1937 2843 2004 tis

453 2022 794 2090 laboribus
845 2025 960 2110 jus
1017 2024 1363 2110 pristinum
1433 2026 1503 2090 in
1563 2024 1795 2090 eodem
1856 2021 2135 2088 stollone
2180 2045 2298 2110 per
2340 2023 2519 2090 hunc
2563 2044 2673 2091 mo
2722 2042 2838 2091 um

452 2110 580 2176 sibi
639 2109 887 2176 vellent
944 2117 1350 2176 restaurare:
1423 2112 1509 2176 ad
1587 2111 1765 2198 quod
1828 2110 2140 2190 dicimus,
2208 2109 2388 2196 quod
2434 2111 2549 2196 jus
2626 2107 2839 2177 semel

451 2199 814 2262 extinctum
859 2196 986 2262 hoc
1028 2194 1223 2261 modo
1267 2217 1402 2262 non
1445 2198 1689 2283 poterit
1732 2197 2138 2282 reintegrari,
2188 2196 2314 2262 nisi
2336 2196 2555 2265 denuo
2578 2197 2833 2265 eisdem

451 2283 538 2348 ab
597 2282 960 2356 urburariis
1005 2305 1126 2348 suo
1183 2284 1414 2348 ordine
1459 2282 1897 2366 concedatur;
1963 2304 2089 2348 nec
2130 2283 2227 2347 eis
2283 2283 2597 2369 proderit,
2656 2282 2839 2374 quod

451 2368 568 2436 illa
611 2369 1042 2456 proclamatio
1103 2390 1236 2434 non
1295 2377 1398 2436 est
1441 2370 1619 2436 facta
1663 2371 1731 2436 in
1780 2368 2061 2436 ecclesia
2104 2368 2187 2434 de
2227 2367 2673 2455 argentifodio
2718 2368 2837 2436 de-

451 2455 658 2522 solato
717 2456 954 2522 iterum
1015 2455 1412 2537 excolend03
1484 2478 1635 2522 nam
1683 2455 1858 2522 infra
1900 2454 2183 2524 eundem
2226 2455 2684 2525 annum-haec
2730 2463 2837 2522 est

455 2542 870 2608 denuntiatio
935 2541 1260 2610 facienda.
1348 2548 1409 2626 ξ.
1461 2545 1558 2609 10.
1628 2538 1823 2610 Unde
1889 2565 2023 2610 non
2066 2542 2485 2630 reprobando
2520 2543 2679 2630 jura
2721 2564 2835 2608 ve·

455 2637 616 2705 tera,
679 2628 794 2694 sed
853 2629 1350 2714 interpretando
1407 2631 1757 2696 statuimus
1816 2631 1885 2694 in
1944 2629 2071 2696 hac
2126 2641 2332 2716 parte,
2376 2638 2451 2699 ut
2492 2651 2689 2697 omne
2730 2649 2836 2696 ar·b

450 2712 888 2800 gentifodium
936 2738 1050 2801 per
1093 2737 1298 2780 unum
1343 2737 1593 2784 annum
1638 2717 2023 2782 continuum
2067 2715 2389 2785 incultum
2457 2737 2609 2782 cum
2653 2716 2837 2782 omni

445 2805 600 2888 jure
643 2800 728 2866 ad
773 2809 1064 2868 nostram
1109 2800 1424 2868 urburam
1467 2812 1855 2880 revertatur,
1899 2824 2023 2868 nec
2068 2803 2245 2868 ullus
2292 2805 2643 2870 autoritate
2689 2824 2835 2890 pro·

450 2889 598 2975 pria
669 2888 740 2954 in
807 2911 884 2956 eo
945 2888 1216 2974 aliquod
1265 2890 1381 2976 jus
1441 2889 1566 2955 sibi
1634 2889 1947 2975 deinceps
2006 2890 2249 2958 audeat
2312 2889 2706 2972 vendicare;
2766 2894 2837 2956 et

451 2976 648 3042 etiam
673 2976 796 3040 iste
821 2985 921 3042 est
955 2977 1128 3063 juris
1172 2977 1414 3042 veteris
1459 2975 1853 3056 intellectus,
1896 2975 2190 3062 alioquin
2225 2985 2399 3044 esset
2436 2977 2837 3044 contrarium

450 3061 577 3126 sibi
623 3063 772 3147 ipsi,
833 3083 982 3127 cum
1029 3061 1226 3141 dicat,
1286 3062 1464 3148 quod
1525 3065 1900 3148 quicunque
1960 3084 2080 3149 per
2137 3063 2523 3130 continuum
2582 3079 2835 3130 annum

452 3169 826 3226 mensuram
887 3155 1041 3214 ante
1099 3158 1299 3235 caput
1357 3151 1459 3215 sui
1519 3148 1824 3215 stollonis
1866 3148 2239 3236 expleverit
2280 3147 2665 3230 laborando,
2726 3169 2837 3214 ca-

452 3233 634 3300 nalia
691 3233 1130 3314 mundaverit,
1190 3236 1665 3324 aquaeductus¹
1703 3236 2157 3324 fenestrasque
2201 3236 2370 3304 bene
2416 3235 2835 3322 expediverit

446 3320 828 3403 luminares,
871 3322 1048 3387 omni
1085 3323 1238 3406 jure
1283 3344 1476 3391 suum
1522 3322 1873 3388 stollonem
1904 3322 2257 3410 possideat,
2300 3324 2446 3411 ipso
2490 3321 2657 3396 alias
2688 3323 2839 3390 sine

452 3405 948 3472 denuntiatione
1013 3405 1240 3496 aliqua
1305 3418 1404 3475 est
1453 3411 1801 3560 1privatus3
1862 3411 2019 3496 quia
2076 3430 2201 3474 nec
2258 3409 2639 3486 stollonarii,
2706 3431 2837 3476 nec

451 3495 648 3561 etiam
709 3495 912 3581 aliqui
973 3495 1270 3560 montani
1329 3494 1450 3560 illu
1551 3496 1667 3583 jus
1736 3517 1867 3582 per·
1921 3495 2483 3564 denuntiationem
2520 3504 2835 3583 possunt

443 3601 854 3668 recuperare,
901 3581 1078 3667 quod
1125 3583 1254 3648 ‘am
1299 3604 1418 3669 per
1462 3581 1933 3668 negligentiam
1986 3582 2437 3669 perdiderunt,
2482 3584 2637 3671 quia
2684 3604 2827 3649 non

451 3689 536 3734 ne
582 3667 962 3755 ligentibus,
1007 3605 1140 3732 sedJ
1169 3667 1625 3734 laborantibus
1640 3671 1756 3756 jus
1778 3667 2087 3736 subvenit
2108 3680 2593 3738 montanorum.
2639 3674 2704 3754 ὅ.
2731 3671 2837 3736 ll.

446 3753 538 3820 Su
569 3756 705 3820 ficit
761 3765 981 3820 autem
1039 3754 1224 3820 illam
1287 3755 1847 3826 denuntiationem
1910 3765 2163 3822 tantum
2228 3757 2436 3822 semel
2503 3757 2830 3844 proficere

443 3862 564 3927 pro
609 3843 786 3907 omni
830 3841 1266 3928 argentifodio
1313 3841 1627 3908 desolato.
1716 3847 1777 3926 ξ.
1827 3843 1928 3908 12.
1976 3843 2388 3932 Quocunque
2447 3865 2606 3910 vero
2665 3853 2835 3920 tem-

449 3949 608 4014 pore
650 3936 880 4015 postea
943 3929 1287 3993 inventum
1347 3927 1546 3994 fuerit
1592 3927 1980 4013 desolatum,
2025 3929 2111 3996 ab
2156 3928 2518 3997 urburariis
2560 3933 2839 4012 nostris,

450 4015 592 4080 sine
637 4012 860 4100 aliqua
903 4013 1034 4078 alia
1079 4015 1594 4098 denuntiatione,
1640 4015 1788 4082 aliis
1812 4015 2173 4082 cultoribus
2196 4015 2591 4098 conferatur,
2635 4023 2839 4103 prout

448 4108 710 4168 nostrae
753 4099 993 4166 melius
1035 4099 1440 4186 reipublicae
1485 4101 1775 4168 viderint
1813 4103 2147 4189 expedire.
2191 4101 2381 4170 Alias
2424 4111 2815 4192 sequeretur

451 4195 526 4250 ut
568 4187 624 4252 si
663 4196 818 4272 post
860 4186 1422 4254 denuntiationem
1481 4187 1649 4253 illud
1707 4189 2220 4275 argentifodium
2260 4211 2381 4277 per
2421 4199 2673 4277 septem
2720 4147 2837 4256 vel

451 4279 595 4343 octo
673 4272 812 4342 dies
878 4272 1332 4358 tantummodo
1405 4273 1779 4358 coleretur„
1814 4297 1927 4341 eo.
1962 4277 2197 4355 iterum
2258 4285 2488 4366 postea
2530 4275 2835 4355 desolato
