3150 5017
1239 342 1679 408 1-33—

1407 515 1506 579 19.

341 652 864 759 Privilegium
933 624 1172 759 super
1241 650 1625 735 libertate
1697 650 2041 760 episcopi
2112 654 2573 765 Pragensis.

1380 788 1568 855 1182.

412 932 479 985 A.
519 933 652 983 1182
689 930 1054 981 controversia
1085 929 1225 980 inter
1259 929 1567 995 episcopum
1602 932 1944 995 Pragensem,
1980 931 2291 1001 Hem-icum,
2327 937 2501 1001 gentis
2530 936 2655 989 Pre-

281 1000 637 1067 myslidarum,
675 1005 730 1051 et
763 999 902 1049 inter
936 998 1263 1049 Fridericum
1299 998 1486 1048 ducem
1521 996 1592 1049 ad
1622 997 1889 1061 judicium
1922 1000 2180 1053 Friderici
2226 1006 2271 1058 Ι.
2319 1006 2655 1071 imperatoris

283 1071 454 1121 delata
489 1075 584 1121 est.
617 1068 926 1119 Vocabatur
960 1073 1138 1119 autem
1171 1068 1231 1117 in
1267 1067 1678 1117 controversiam
1698 1104 1714 1129 ,
1750 1082 1880 1117 num
1929 1070 2163 1137 episcopi
2210 1075 2507 1139 Pragenses
2566 1087 2656 1125 ca-

280 1138 478 1207 pellani
513 1140 622 1189 sint
655 1138 852 1189 ducum
888 1136 1178 1187 Bohemiae
1191 1136 1216 1185 *ἓ
1251 1135 1556 1186 Advocatus
1593 1136 1829 1203 episcopi
1861 1143 1976 1188 erat
1992 1140 2229 1193 marchio
2249 1144 2465 1193 nomine
2488 1140 2661 1205 Dedo,

282 1211 360 1259 vir
390 1207 871 1271 eloquentissimus,
927 1206 1018 1270 qui
1051 1220 1148 1271 pro
1183 1206 1430 1269 episcopo
1466 1218 1633 1269 agens
1678 1208 1865 1257 contra
1898 1205 2115 1275 ducem,
2168 1210 2297 1261 dum
2340 1210 2537 1261 multas
2589 1210 2660 1261 ab

285 1293 342 1327 eo
376 1275 739 1342 expostularet
772 1273 1000 1339 injurias
1015 1311 1029 1337 ,
1066 1274 1233 1325 fertur
1275 1272 1372 1323 ille
1404 1273 1485 1324 ita
1516 1272 1855 1340 respondisse
1896 1290 1993 1341 per
2034 1284 2426 1343 procuratorem
2472 1294 2658 1330 snum:

285 1346 412 1397 Cum
449 1346 534 1408 sit,
567 1344 760 1407 inquit,
797 1342 1043 1393 omnibus
1079 1346 1284 1407 notum,
1304 1341 1626 1408 pragensem
1645 1343 1951 1408 episcopum
1968 1358 2144 1397 meum
2163 1346 2278 1397 fore
2304 1346 2661 1413 capellanum,

286 1416 417 1465 sicut
451 1430 634 1464 omnes
667 1412 1100 1477 praedecessores
1135 1411 1219 1461 sui
1253 1418 1466 1477 patrum
1503 1415 1555 1461 et
1591 1426 1811 1462 avorum
1847 1427 2085 1463 meorum
2122 1415 2337 1467 fuerunt
2378 1416 2663 1482 capellani,

287 1484 562 1545 decernite,
611 1496 810 1547 quaeso
827 1518 842 1545 ,
879 1482 926 1531 si
960 1482 1122 1531 liceat
1156 1481 1207 1530 ei
1241 1494 1398 1544 agere
1435 1484 1621 1531 contra
1656 1479 1929 1531 dominum
1962 1496 2138 1547 suum,
2174 1484 2260 1535 vel
2294 1485 2343 1536 si
2376 1489 2563 1535 tenear
2596 1499 2663 1534 ex

285 1566 451 1615 aequo
489 1550 802 1616 respondere
837 1548 1114 1615 capellano
1150 1564 1266 1599 meo
1281 1550 1306 1597 ’ἰ
1345 1549 1500 1610 Quod
1537 1549 1737 1601 dictum
1770 1550 1953 1602 statim
2000 1557 2083 1604 est
2127 1552 2197 1604 ab
2252 1554 2498 1604 omnibus
2532 1566 2663 1603 con-

285 1621 580 1683 tradictum,
611 1620 846 1671 maxime
877 1620 948 1669 ab
965 1618 1378 1683 archiepiscopis
1409 1623 1462 1669 et
1495 1618 1771 1684 episcopis,
1808 1618 2225 1683 decernentibus,
2254 1621 2395 1685 quod
2426 1622 2663 1687 Pragen·

285 1691 356 1741 sis
387 1690 674 1755 ‘episcopus
711 1702 854 1737 more
889 1686 1299 1737 Teutonicorum
1336 1688 1707 1753 episcoporum
1742 1686 1809 1737 ab
1846 1689 1991 1739 omni
2024 1689 2355 1755 subjectione
2389 1690 2541 1742 ducis
2574 1688 2664 1741 de-

289 1761 408 1809 beat
442 1773 560 1809 esse
591 1756 911 1819 liberrimus,
946 1756 1049 1806 soli
1083 1760 1292 1807 tantum
1328 1756 1635 1821 imperatori
1668 1754 1955 1820 subjectus,
1993 1757 2146 1823 cujus
2170 1760 2385 1825 imperii
2418 1765 2499 1811 est
2516 1761 2663 1825 prin-

295 1842 432 1893 ceps,
468 1826 622 1890 cujus
657 1827 841 1875 visitat
875 1825 1065 1888 curia-s,
1101 1838 1138 1875 a
1171 1840 1278 1889 quo
1312 1825 1535 1889 suscipit
1569 1830 1835 1890 sceptrum
1870 1831 1923 1877 et
1954 1826 2347 1880 investituram.

489 1896 660 1961 Super
696 1908 802 1957 qua
834 1893 1078 1945 libertate
1129 1894 1319 1959 petivit
1351 1893 1631 1960 episcopus
1665 1894 1973 1960 accepitque
2006 1910 2221 1949 sacrum
2271 1898 2662 1963 prag-uiaticum

297 1965 346 2015 h.
381 1980 430 2015 e.
468 1964 648 2029 regale
685 1962 1038 2029 privilegium,
1074 1976 1240 2013 aurea
1271 1962 1422 2013 bulla
1457 1964 1741 2014 munitum.

492 2032 689 2083 Scribit
721 2037 902 2082 autem
941 2030 1386 2097 Chronographus
1423 2028 1701 2095 Siloensis,
1737 2028 1927 2081 harum
1959 2046 2135 2083 rerum
2169 2033 2397 2096 relator,
2440 2032 2663 2099 privile-

292 2103 434 2167 gium
468 2100 605 2151 illud
641 2101 828 2151 diebus
861 2098 1011 2151 illius
1044 2102 1279 2165 episcopi
1315 2099 1540 2151 multum
1561 2099 1810 2163 valuisse,
1826 2104 2014 2165 postea
2033 2116 2156 2151 vero
2175 2100 2330 2152 nihil.
2366 2102 2663 2153 Gerlachus

290 2186 439 2235 porro
474 2172 534 2219 in
569 2169 834 2221 Chronico
869 2184 967 2219 suo
1002 2169 1071 2219 ad
1107 2184 1158 2220 a.
1197 2171 1328 2219 1197
1379 2168 1444 2219 de
1491 2167 1721 2218 Daniele
1768 2170 2013 2235 episcopo
2058 2168 2192 2221 haec
2238 2171 2422 2221 refertz
2470 2170 2669 2221 Daniel

288 2240 591 2305 episcopatu
624 2239 907 2289 investitus
941 2238 1078 2288 flexo
1113 2238 1314 2303 poplite
1346 2237 1475 2288 fecit
1508 2238 1767 2287 ominium
1797 2236 1919 2288 duci
1952 2238 2265 2302 wladislao,
2301 2240 2359 2289 in
2394 2238 2664 2304 praejudi-

292 2310 426 2359 cium
461 2310 714 2371 antiquae
747 2306 1044 2357 liberatatis
1079 2312 1134 2358 et
1167 2308 1225 2357 in
1259 2307 1658 2373 derogationem
1704 2306 2101 2371 privilegiorum
2139 2308 2495 2373 imperialium
2530 2321 2669 2371 quae

291 2378 657 2427 investituram
691 2377 978 2441 Pragensis
1014 2380 1068 2429 et
1101 2375 1472 2427 Olomucensis
1507 2376 1877 2441 episcoporum
1894 2376 1961 2427 ad
1984 2376 2355 2443 imperatorem
2386 2377 2669 2443 pertinere,

293 2446 381 2496 sed
415 2452 468 2495 et
499 2446 826 2510 Pragensem
859 2445 1164 2511 episcopum
1199 2445 1494 2512 principem
1529 2444 1641 2494 fere
1674 2448 1937 2495 testantur
1970 2446 2197 2511 imperii,
2234 2444 2376 2511 quod
2408 2460 2577 2511 usque
2596 2446 2671 2501 ad.

287 2516 446 2566 istum
481 2516 786 2581 episcopum
821 2514 1114 2577 antiquitas
1149 2514 1462 2575 transmisit,
1497 2513 1593 2564 sed
1626 2514 1685 2563 iu
1718 2514 1822 2563 isto
1860 2514 2031 2579 periit.

497 2582 790 2635 Contextus
825 2584 994 2650 ipsius
1028 2582 1294 2649 privilegii
1333 2582 1550 2649 ignotus
1587 2586 1785 2633 manet.

1422 2873 1524 2939 20.

301 3010 608 3095 Literae
663 3008 1102 3093 Innocentii
1151 3008 1889 3197 thpffpffiaguper
1940 3010 2396 3117 privilegiis
2440 3004 2679 3117 regni

1214 3270 1402 3337 1204.
1455 3270 1554 3335 15.
1601 3271 1762 3356 Apr.

503 3411 705 3462 Notum
743 3414 838 3474 est,
874 3409 1242 3475 Premyslaum
1295 3410 1340 3463 Ι.
1387 3410 1480 3474 qui
1528 3415 1582 3461 et
1616 3410 1894 3475 Otacarus,
1939 3425 1974 3461 a
2018 3408 2269 3477 Philippo
2314 3411 2679 3469 Romanorum

305 3494 423 3544 rege
467 3479 724 3545 dignitate
771 3480 920 3545 regia
968 3494 1082 3529 esse
1118 3482 1392 3543 ornatum,
1449 3480 1591 3544 quod
1642 3479 1841 3530 factum
1892 3484 1973 3533 est
2042 3478 2207 3530 anno*
2233 3480 2369 3529 1198
2389 3516 2403 3541 ,
2453 3480 2678 3533 simulac

309 3548 574 3615 Philippus
610 3550 726 3615 ipse
761 3548 973 3614 insigne
1008 3550 1213 3615 regium
1251 3548 1470 3615 accepit.
1513 3550 1615 3611 „Et
1647 3550 1919 3599 venientes
1959 3550 2324 3615 Moguntiam‚
2362 3547 2436 3597 ibi
2472 3547 2675 3613 Philip-

309 3632 404 3681 pus
437 3622 773 3669 consecratur
808 3618 865 3666 in
899 3632 1081 3683 regem
1116 3617 1478 3668 Romanorum
1494 3654 1508 3679 ,
1544 3617 1705 3667 simul
1740 3623 1792 3668 et
1827 3618 2013 3668 ducem
2050 3623 2287 3668 nostrum
2325 3622 2469 3666 creat
2501 3630 2679 3681 regem

313 3686 637 3737 Bobemiae.“
679 3686 950 3751 (Gerlach.
989 3686 1184 3737 Chi-on.
1227 3686 1398 3751 1198.)
1456 3686 1659 3747 „Quem
1695 3714 1762 3724 —
1798 3687 2161 3751 Premyslaum
2198 3714 2263 3723 —-
2302 3687 2359 3735 in
2378 3688 2682 3749 praesentia

311 3769 402 3805 sua
433 3761 814 3816 consecratum,
851 3756 1149 3819 Bepardiae
1165 3756 1411 3807 coronari
1429 3756 1725 3805 consentit“
1766 3755 2057 3821 (Godefrid.
2079 3756 2411 3807 coloniensis
2444 3754 2682 3819 Chrom).

505 3823 673 3875 Simul
712 3824 988 3889 Philippus
1023 3825 1318 3889 privilegiO,
1357 3839 1460 3888 quo
1497 3825 1816 3889 gravissima
1848 3824 1973 3888 jura
2008 3824 2445 3885 continebantur,
2482 3838 2679 3873 novum

315 3906 480 3957 regem
515 3892 752 3956 donavit,
789 3908 896 3957 qua
934 3892 998 3943 de
1033 3908 1089 3943 re
1125 3894 1406 3943 edocemur
1441 3893 1608 3943 literis
1644 3907 1679 3943 a
1712 3893 1981 3945 Friderico
2015 3893 2089 3944 11.
2125 3894 2254 3957 imp.
2292 3906 2342 3943 a.
2366 3894 2497 3942 1212
2518 3892 2679 3959 datis,

314 3961 496 4025 quibus
529 3961 864 4027 privilegium
899 3961 1034 4012 illud
1071 3966 1153 4031 est
1186 3962 1442 4011 insertum
1483 3962 1612 4027 (vid.
1649 3978 1703 4011 n.
1738 3960 1871 4028 240.

507 4030 578 4084 At
623 4030 960 4095 Premyslaus
1003 4030 1240 4096 Philippi
1287 4045 1448 4081 causa
1497 4032 1705 4081 deserta
1752 4030 1822 4081 ad
1867 4032 2178 4081 societatem
2225 4030 2435 4081 Ottonis
2450 4068 2463 4093 ,
2530 4028 2683 4093 cujus
2758 4023 2767 4032 ”

317 4098 542 4161 partibus
579 4100 737 4149 etiam
773 4100 924 4151 sedes
963 4100 1258 4167 apostolica
1293 4100 1520 4163 favebat,
1560 4114 1677 4150 sese
1712 4100 1987 4165 applicuit.
2064 4099 2237 4160 Quam
2272 4099 2342 4151 ob
2378 4114 2488 4150 rem
2521 4098 2680 4149 Inno-

317 4168 509 4217 centius
543 4168 643 4218 111.
677 4183 818 4233 papa
853 4169 1131 4235 privilegia
1166 4170 1314 4235 regni
1350 4168 1639 4219 Bohemiae
1688 4168 1977 4218 novissime
2027 4168 2096 4219 ab
2149 4168 2344 4219 Ottone
2390 4166 2684 4237 approbata

325 4236 628 4297 auctoritate
661 4238 954 4303 apostolica
989 4237 1336 4289 confirmavit.

521 4304 843 4373 (Brequigny
877 4314 929 4358 et
966 4307 1058 4358 Du
1092 4304 1261 4360 Theil.
1299 4306 1370 4356 11.
1408 4305 1571 4371 4880.

416 4388 686 4431 atrocem
714 4391 859 4432 codex
888 4394 920 4431 1.
1632 4416 1635 4420 J
2011 4373 2015 4377 ’
2232 4372 2273 4435 3
