3150 5017
1215 293 1694 360 ...105-

272 473 374 531 tns
421 466 640 552 fugam
690 463 964 549 dederit,-
1005 464 1118 532 vel
1149 487 1408 554 compa·

273 573 414 618 rere
457 551 758 629 noluerit,
806 554 886 619 de
913 553 1270 640 praedictis
1300 554 1409 619 tri-

275 639 452 724 ginta
511 640 750 705 marcis
817 641 1052 706 cedent
1127 641 1410 706 inimicis

273 725 507 791 XXIII
546 747 825 808 marcae,
863 727 1075 814 judici
1122 729 1410 814 quinque

275 833 550 894 marcae,
605 813 848 897 juratis
907 813 1078 878 duae
1131 835 1408 879 marcae.

267 973 270 976 ⁴
442 899 652 966 XLV.
679 901 804 982 (De
815 903 1242 986 prosom'pttb.)
1270 905 1332 982 g».
1354 903 1409 967 1.

272 985 390 1050 Pro
411 984 766 1051 homicidio
811 988 868 1052 si
915 987 1060 1072 quis
1082 989 1408 1075 proscrip-

273 1080 372 1143 tus
430 1072 664 1149 fuerit,
727 1074 870 1154 sine
929 1076 1104 1139 omni
1151 1082 1409 1138 contra-

277 1158 556 1225 dictione
605 1161 936 1225 civitatem
985 1182 1157 1226 anno
1203 1169 1268 1226 et
1305 1161 1412 1226 die

275 1244 516 1311 vitabit.
613 1251 673 1328 ξ.
720 1247 782 1310 2.
845 1246 922 1310 Si
998 1269 1155 1312 vero
1196 1255 1410 1331 ixx-ans-

277 1342 414 1396 acto
457 1355 638 1398 anno
685 1338 960 1418 gratiam
997 1335 1408 1398 inimicorum

273 1418 588 1502 habuerit,
657 1429 1008 1506 antequam
1079 1422 1411 1485 civitatem

277 1507 480 1588 intret,
518 1507 766 1592 juratis
811 1529 1098 1571 marcam
1157 1509 1412 1592 argenti

280 1591 451 1657 dabit
497 1603 564 1658 et
601 1593 1208 1678 judicidimidiam.
1255 1597 1316 1676 ξ.
1350 1595 1408 1660 3.

279 1679 688 1766 Quicumque
731 1681 800 1744 in
847 1702 982 1746 una
1002 1682 1272 1746 civitate
1302 1681 1412 1746 do-

275 1766 437 1830 mini*
483 1767 664 1852 regis
739 1769 1142 1852 proscriptus
1217 1767 1416 1834 fuerit

280 1852 380 1916 vel
419 1854 490 1917 in
515 1854 648 1918 alio
674 1852 900 1940 aliquo
924 1853 1089 1936 loce,
1115 1855 1182 1918 in
1209 1856 1409 1919 omni·

273 1937 388 2004 bus
415 1939 798 2009 civitatibus
837 1949 902 2004 et
935 1939 1102 2005 locis
1131 1942 1314 2026 regni
1348 1951 1414 2006 et

273 2027 450 2090 terris
497 2027 906 2112 proscriptus
966 2027 1304 2109 habeatur,
1349 2036 1414 2092 et

274 2111 482 2178 nullus
503 2113 670 2178 baro
696 2113 804 2178 vel
825 2112 1065 2178 nobilis
1089 2115 1196 2178 vel
1221 2113 1408 2178 miles

277 2201 454 2284 regni
476 2199 585 2265 vel
617 2200 1045 2286 provincialis
1075 2202 1290 2286 ipsum
1323 2209 1412 2266 te·

273 2305 420 2351 nere
463 2287 572 2351 vel
622 2284 978 2352 defendere
1016 2295 1410 2373 praesumat·

277 2377 330 2453 §.
373 2375 432 2438 4.
479 2374 572 2438 Et
617 2375 672 2438 si
719 2374 865 2460 quis
889 2375 1292 2458 proscriptus
1315 2373 1412 2437 fu·

275 2464 386 2522 erit
403 2469 472 2524 -et
494 2469 728 2546 postea
753 2459 1076 2537 detentus,
1105 2461 1278 2544 justo
1299 2461 1410 2546 ju-

274 2545 434 2610 dicio
479 2547 1045 2612 condemnabitur.

433 2630 678 2699 XLVI.
731 2634 860 2713 (De
917 2631 1178 2718 duella)
1240 2637 1300 2714 ξ.
1353 2639 1408 2698 1.

277 2717 376 2782 De
420 2718 646 2784 duello
692 2741 808 2804 pro
867 2719 1144 2784 vulnere
1195 2720 1408 2806 judici

276 2804 453 2871 cedet
497 2806 776 2870 dimidia
797 2827 1056 2886 marca3
1103 2807 1160 2870 si
1191 2814 1406 2872 autem

273 2889 378 2957 ille
421 2894 530 2978 qui
559 2892 946 2959 vulneratus
969 2902 1086 2974 est,
1113 2892 1408 2958 duellum

276 2976 584 3044 indixerit
641 2988 706 3044 et
765 2979 1184 3044 advers-arius
1251 2999 1408 3056 suns

275 3083 664 3151 componere
707 3064 1020 3132 voluerit:
1057 3066 1270 3152 judici
1305 3087 1405 3130 ce-

275 3148 375 3214 det
415 3171 552 3218 una
599 3173 856 3236 marca3
919 3154 982 3218 si·
1021 3160 1240 3218 autem
1289 3154 1405 3218 cir·

275 3235 478 3302 culum
503 3239 922 3304 ‘intraverint
967 3248 1033 3305 et
1079 3260 1276 3325 super
1305 3259 1406 3304 se-

277 3320 384 3388 des
425 3325 720 3390 sederint
763 3335 828 3390 et
887 3324 1104 3390 adhuc
1157 3325 1406 3411 placari

273 3408 627 3476 voluerint:
665 3411 878 3495 judici
939 3411 1179 3476 cedent
1237 3411 1404 3476 duae

145 3496 159 3513 ⁶
275 3515 558 3576 marcae3
593 3499 648 3562 si
686 3519 840 3562 vero
874 3498 960 3562 ad
990 3497 1260 3564 arbores
1297 3496 1405 3564 vel

280 3581 358 3645 ad
377 3583 700 3670 valangas
715 3585 1142 3670 'pervenerint
1159 3593 1238 3650 et
1267 3583 1402 3670 gla-

282 3666 415 3734 dios
457 3682 656 3758 super
701 3693 810 3736 eas
854 3672 1197 3758 posuerint
1231 3679 1296 3735 et
1349 3671 1404 3740 si

277 3753 480 3822 adhuc
555 3778 948 3844 componere
1035 3756 1412 3824 voluerint:

271 3838 468 3922 judex
508 3851 646 3910 tres
689 3857 944 3910 marcas
987 3842 1288 3923 habebit3
1353 3845 1406 3910 si

280 3934 482 3994 autem
529 3929 786 4015 gladios
831 3951 984 3996 suos
1041 3929 1408 4018 extenderit

281 4019 342 4076 et
379 4025 602 4082 contra
647 4038 716 4080 se
761 4017 1220 4103 pugnaverint,
1255 4025 1320 4081 et
1353 4017 1407 4080 si

284 4096 478 4165 adhuc
542 4104 959 4193 adversm-ins
1015 4125 1408 4190 componere

284 4183 583 4252 voluerit:
623 4189 834 4274 judici
858 4200 1140 4276 quatuor
1170 4191 1409 4255 marcis

291 4275 718 4358 respondebit.
782 4281 840 4356 ἓ.
903 4278 961 4344 2.
1027 4277 1132 4342 De
1193 4276 1411 4356 duello

1513 469 1570 534 si
1660 476 2005 533 accusatus
2062 465 2287 556 fugam
2376 466 2647 546 dederit,

1512 554 1743 620 nolens
1783 575 2180 640 comparere,
2228 554 2312 621 de
2354 551 2651 644 praedic-

1513 643 1600 707 tis
1644 641 1826 706 XXX
1868 641 2108 706 marcis
2152 641 2387 706 cedent
2410 643 2646 707 actori-

1513 728 1641 793 bus
1706 727 1931 792 XXIII
1990 747 2270 811 marcae,
2330 727 2543 814 judici
2586 727 2651 793 V

1515 836 1794 894 marcae,
1862 815 2091 879 ’uratis
2139 815 2181 879 2
2224 835 2505 880 marcae.

1539 903 1544 910 '
1684 901 1801 966 XL
1869 948 1884 965 .
1931 901 2031 965 De
2054 902 2446 989 proscriptis.
2494 905 2553 984 ξ.
2591 905 2649 966 1.

1513 989 1640 1052 Pro
1654 987 2007 1054 homicidio
2018 989 2072 1052 si
2090 989 2239 1074 quis
2250 989 2651 1075 proscriptus

1515 1074 1731 1156 fuerit,
1757 1075 1899 1141 sine
1938 1077 2116 1139 omni
2142 1071 2657 1140 contradictione

1515 1163 1847 1226 civitatem
1894 1181 2067 1226 anno
2114 1171 2181 1227 et
2225 1161 2333 1228 die
2394 1160 2649 1229 vitabit.

1513 1253 1573 1330 ἓ.
1621 1249 1681 1314 2.
1730 1248 1799 1313 Si
1845 1257 2062 1313 autem
2096 1247 2432 1314 transacto
2478 1269 2652 1313 anno

1513 1336 1790 1421 gratiam
1858 1335 2267 1400 inimicorum
2330 1335 2649 1418 habuerit,

1515 1430 1873 1507 antequam·
1889 1423 2220 1487 civitatem
2248 1423 2463 1503 intret,
2482 1423 2665 1504 jurae,

1511 1509 1599 1574 tis
1614 1529 1902 1581 marcam
1950 1507 2134 1573 dabit
2168 1517 2234 1574 et
2240 1507 2451 1594 judici
2468 1507 2652 1572 dimi·

1516 1595 1713 1660 diam.
1760 1600 1822 1677 ἓ.
1868 1595 1926 1659 3.
1974 1593 2389 1681 Quicumque
2417 1596 2487 1660 in
2520 1615 2655 1659 una

1514 1683 1781 1746 civitate
1827 1681 2073 1747 domini
2117 1683 2291 1768 regis
2328 1682 2651 1768 proscrip-

1514 1776 1622 1834 tus
1692 1769 1889 1833 fuerit
1947 1768 2053 1834 vel
2113 1770 2183 1833 in
2244 1768 2373 1834 alio
2434 1767 2652 1854 aliquo

1513 1854 1679 1938 loco,
1713 1857 1793 1918 'in
1838 1854 2142 1920 omnibus
2189 1855 2565 1920 civitatibus
2590 1863 2655 1920 et

1515 1941 1678 2006 locis
1724 1943 1909 2026 regni
1956 1951 2020 2006 et
2078 1943 2269 2008 terris
2375 1943 2651 2028 rescrip-

1515 2038 1623 2093 tus
1682 2025 2033 2113 habeatur3
2097 2036 2162 2092 et
2214 2027 2436 2092 nulus
2494 2028 2653 2093 baro

1515 2115 1623 2180 vel
1690 2112 1964 2196 nobilis,
2024 2113 2132 2178 vel
2190 2113 2380 2178 miles
2446 2114 2653 2199 regni,

1516 2201 1624 2267 vel
1736 2199 2115 2266 revincialis
2182 2202 2397 2288 ipsum
2486 2201 2656 2266 tueri

1519 2287 1623 2352 vel
1718 2286 2025 2352 efendere
2048 2296 2443 2374 praesumat,
2492 2291 2552 2370 §-
2592 2289 2653 2352 4.

1515 2375 1606 2440 Et
1658 2375 1711 2438 si
1766 2375 1911 2459 quis
1970 2376 2375 2460 proscriptus
2440 2374 2655 2454 fuerit,

1515 2469 1581 2528 et
1625 2471 1851 2548 postea
1898 2460 2221 2542 detentus,
2257 2461 2439 2547 justo
2475 2459 2654 2547 judi-

1515 2550 1617 2613 cio
1664 2546 2223 2612 condemnabitur.

1688 2633 1933 2698 XLVI.
1979 2635 2079 2698 De
2120 2634 2377 2698 vulnere
2438 2633 2652 2699 duelli.

1516 2725 1576 2804 ξ.
1630 2722 1685 2785 1.
1732 2720 1857 2784 Pro
1902 2720 2177 2786 vulnere
2224 2720 2424 2785 duelli
2442 2721 2654 2806 judici

1517 2807 1715 2873 cedet.
1749 2806 2023 2871 dimidia
2066 2829 2321 2888 marca3
2355 2808 2409 2871 si
2434 2814 2651 2871 autem

1513 2893 1898 2959 vulneratus
1944 2915 2162 2958 coram
2200 2891 2451 2979 judicio
2476 2891 2653 2956 duel·

1513 2981 1651 3044 lum
1709 2980 2043 3061 indixerit,
2102 2989 2166 3044 et
2242 2979 2655 3044 adversarius

1513 3087 1905 3153 componere
1950 3065 2231 3132 voluerit
2251 3089 2282 3132 ε.
2306 3064 2517 3151 judici
2548 3085 2650 3130 ce·

1514 3153 1625 3218 det
1682 3174 1937 3234 marca3
2002 3154 2054 3216 si
2118 3172 2275 3218 vero
2336 3151 2650 3218 circulum

1509 3241 1923 3318 intraverint,
1980 3248 2045 3304 et
2091 3239 2177 3303 ad
2222 3238 2413 3304 sedes
2455 3259 2654 3304 vene-

1510 3327 1663 3406 rint,
1710 3335 1775 3391 et
1820 3324 2035 3390 adhuc
2094 3346 2487 3411 componere
2548 3345 2655 3390 vo·

1519 3412 1781 3494 luerint,
1802 3410 2003 3497 judici
2029 3411 2267 3478 cedent
2290 3411 2459 3476 duae
2488 3433 2657 3476 mar-

1511 3521 1653 3580 cae3
1696 3500 1919 3562 sivero
1946 3521 2141 3586 snper
2154 3498 2412 3584 flangas
2431 3519 2653 3584 perve-

1511 3587 1729 3651 nerint
1790 3582 2007 3650 adhuc
2074 3605 2465 3671 componere
2539 3605 2654 3649 vo-

1511 3672 1760 3737 lentes:
1799 3670 2011 3758 judex
2054 3681 2187 3736 tres
2236 3691 2491 3736 marcas
2534 3669 2653 3734 ha-

1510 3757 1729 3840 bebit3
1780 3759 1835 3822 si
1880 3767 2096 3823 autem
2141 3757 2381 3842 flangis
2406 3766 2655 3822 extrac-

1509 3845 1597 3910 tis
1643 3853 2015 3931 pugnantes
2040 3845 2375 3930 congressi
2409 3841 2655 3908 fuerint

1511 3931 1731 3997 adhuc
1776 3952 2167 4018 componere
2214 3929 2527 3998 volentes:
2548 3931 2653 4015 ju-

1515 4016 1644 4082 dici
1688 4019 1757 4082 in
1803 4016 1909 4081 III
1932 4018 2167 4082 marcis
2189 4037 2343 4090 rens
2379 4039 2652 4104 respon-

1515 4102 1715 4168 debit.
1766 4107 1823 4186 ξ.
1863 4105 1924 4168 2.
1952 4103 2077 4168 Pro
2101 4101 2451 4168 homicidio
2477 4114 2656 4170 ante·
2713 4099 2726 4110 ”

1517 4211 1711 4276 quam
1760 4188 2051 4254 duellum
2098 4190 2413 4256 indictum
2442 4189 2655 4269 fuerit,

1511 4275 1719 4363 judici
1772 4275 1960 4343 cedet
2004 4299 2259 4356 marca3
2320 4279 2372 4343 si
2438 4285 2653 4342 autem
