3150 5017
1211 362 1295 377 ..-
1384 330 1644 396 47...

1392 535 1471 600 B.

419 669 744 739 Honorius
793 674 1141 759 episcopus
1185 690 1416 737 servus
1459 693 1796 737 servorum
1842 672 1989 737 Dei.

421 759 674 823 Dilecto
723 759 858 823 filio
907 760 1228 844 Gregorio
1287 761 1499 823 saneti
1557 758 1886 825 Theodori
1938 759 2219 825 diacono
2276 759 2615 845 cardinali,

229 845 634 931 apostolicae
678 846 852 911 sedis
895 846 1133 930 legato,
1179 844 1456 911 salutem
1499 853 1566 911 et
1608 845 2032 931 apostolicam
2067 846 2617 913 benedictionemi

413 932 718 996 Formam
769 934 1118 1013 cautionis,
1187 952 1384 1017 quam
1443 952 1484 995 a
1545 951 1704 1016 rege
1762 938 1827 997 et
1887 931 2243 997 baronibus
2306 934 2617 1000 Boemiae

230 1040 274 1083 a
314 1026 394 1083 te
433 1018 636 1103 recipi
679 1017 982 1083 volumus
1048 1038 1168 1104 pro
1235 1018 1637 1103 quaestione,
1706 1038 1875 1102 quae
1917 1020 2089 1083 inter
2126 1020 2307 1105 ipsos
2352 1030 2417 1087 et
2461 1020 2615 1084 Pra·

227 1123 513 1187 genscm·
571 1103 952 1194 episcopum
1013 1124 1210 1190 super
1257 1100 1719 1189 jurisdictione
1784 1124 1862 1167 ac
1926 1104 2072 1169 aliis
2136 1106 2431 1171 articulis
2471 1126 2617 1170 ver-

227 1191 413 1271 titur,
465 1189 599 1255 tibi
659 1191 990 1275 praesenti
1056 1190 1302 1277 pagina
1365 1186 1675 1253 duximus
1741 1190 2258 1275 exprimendam.
2346 1192 2493 1259 Rex
2550 1201 2619 1255 et

227 1277 442 1341 frater
513 1296 593 1339 ac
658 1276 1132 1361 primogenitus
1215 1277 1358 1359 ejus
1488 1273 1873 1341 raestabunt
1944 1278 2373 1362 corporaliter
2437 1277 2617 1362 jura·

231 1369 534 1426 mentum
596 1370 663 1425 et
715 1362 839 1426 sub
883 1371 1062 1426 certa
1103 1382 1318 1448 poena
1360 1359 1446 1424 da
1495 1369 1615 1425 unt
1679 1358 2101 1447 fidejussores
2161 1361 2243 1427 de
2300 1382 2504 1445 regno
2550 1370 2619 1427 ct

231 1456 428 1512 extra
469 1468 768 1532 regnum.
857 1447 1146 1533 Major-es
1187 1467 1344 1512 vero
1388 1446 1673 1512 barones
1714 1447 1905 1533 regni
1966 1447 2399 1533 praestabunt
2444 1448 2617 1511 simi-

228 1534 390 1598 liter
429 1554 552 1619 pro
592 1544 668 1597 'se
711 1554 790 1596 ac
835 1554 954 1619 pro
999 1533 1146 1599 aliis
1183 1534 1654 1618 juramentum,
1699 1543 1765 1598 et
1800 1531 2229 1598 nihilominus
2270 1532 2393 1597 sub
2432 1540 2615 1598 certa

231 1640 456 1705 poena
501 1617 756 1683 dabunt
795 1614 1218 1705 fidejussores
1261 1620 1332 1685 in
1376 1638 1602 1703 regno.
1646 1618 1737 1683 Et
1772 1619 1827 1682 si
1866 1618 2140 1683 forsitan
2182 1638 2306 1684 rex
2324 1616 2435 1681 vel
2464 1639 2617 1683 suc-

229 1724 536 1769 cessores
579 1704 789 1789 ipsius
831 1726 952 1791 per
993 1726 1068 1770 se
1108 1704 1220 1770 ve}
1285 1724 1404 1790 per
1447 1704 1807 1771 submissos
1867 1703 2127 1790 aliquos
2188 1703 2615 1770 contravene-

229 1792 364 1855 rint
409 1799 476 1855 et
519 1790 820 1877 requisiti
861 1812 996 1856 non
1041 1790 1542 1856 emendaverint
1582 1790 1757 1855 infra
1798 1800 2051 1862 certum
2086 1791 2459 1871 terminum,
2490 1791 2615 1855 eis·

229 1878 388 1941 dem
433 1898 475 1940 a
518 1884 589 1941 te
629 1876 738 1941 vel
781 1876 910 1941 alio
955 1876 1174 1963 legato
1219 1896 1338 1941 sen
1381 1875 1683 1961 delegato
1730 1876 1905 1941 sedis
1948 1875 2357 1961 apostolicae
2408 1877 2614 1961 assig-

225 1961 561 2047 nandum3
609 1961 720 2027 vel
761 1962 820 2027 si
865 1962 1145 2029 barones
1189 1960 1298 2027 vel
1343 1982 1753 2028 successores
1804 1982 2031 2027 eorum
2082 1963 2619 2028 contravenerint

198 2070 358 2135 *per
396 2070 470 2113 >sc
514 2047 623 2113 vel
665 2050 864 2113 etiam
908 2068 1029 2137 per
1071 2048 1430 2123 submissos
1451 2095 1468 2130 ‚
1529 2057 1599 2113 et
1655 2048 1797 2135 ipse
1854 2069 1978 2114 rex
2034 2047 2143 2112 vel
2202 2068 2613 2112 successores

229 2136 384 2217 ejus
427 2131 726 2219 requisiti
765 2152 888 2199 eos
947 2134 1036 2199 ad
1095 2132 1633 2200 satisfaciendum
1696 2132 1873 2199 iusta
1932 2141 2183 2199 certum
2240 2134 2613 2213 terminum,

235 2223 408 2285 sicut
451 2238 654 2305 supra
697 2220 944 2287 dictum
989 2229 1092 2286 eat
1133 2218 1609 2305 assignandum
1656 2220 1903 2285 eisdem
1929 2268 1947 2301 ,
1992 2242 2127 2285 non
2171 2219 2616 2305 compulerint

233 2308 431 2393 juxta
469 2326 700 2392 posset
749 2326 964 2393 poena
1003 2309 1320 2376 continuo
1362 2308 1822 2373 committatur.
1883 2304 2137 2388 Quodsi
2181 2306 2289 2370 vel
2332 2324 2616 2391 poenam

233 2392 498 2457 solvere
541 2392 650 2457 vel
695 2412 776 2457 ea
805 2392 1034 2459 soluta
1078 2393 1456 2459 sati-faeere
1499 2392 1987 2457 recusaverint:
2020 2399 2169 2479 post
2204 2392 2481 2477 primam
2506 2388 2616 2461 vel

237 2478 595 2543 secundam
615 2478 1125 2544 admonitionem
1168 2479 1867 2545 excommunicationis
1893 2480 1963 2542 in
1984 2480 2167 2564 ipsos
2184 2486 2255 2541 et
2276 2479 2349 2541 in
2365 2485 2609 2541 terram

238 2563 566 2629 interdicti
589 2567 952 2630 sententiae
973 2565 1406 2651 proferantur.
1453 2565 1707 2630 Eadem
1753 2562 1899 2649 lege
1928 2563 2255 2630 servanda
2278 2563 2453 2627 circa
2506 2562 2619 2627 ba·-

241 2669 456 2732 rones,
495 2652 616 2736 qui
658 2650 904 2717 fuerint
945 2654 1014 2715 in
1059 2653 1202 2739 ipso
1245 2652 1510 2736 negotio
1553 2662 2091 2736 transgressores.
2158 2649 2355 2714 Hanc
2398 2658 2619 2715 autem

241 2736 612 2801 cantionem
696 2741 1080 2803 convocatis
1123 2738 1450 2823 episcopis
1515 2738 1755 2803 vicinis
1818 2744 1883 2801 et
1945 2735 2259 2823 praelatis
2320 2756 2471 2799 cum
2534 2755 2618 2799 ca

241 2821 656 2888 solemnitate
697 2824 994 2909 recipies,
1063 2844 1258 2909 quam
1297 2825 1512 2908 ipsum
1569 2824 1905 2909 negotium
1952 2821 2195 2887 videris
2260 2818 2614 2905 postulare.

413 2908 632 2973 Datae
707 2910 1014 2977 Laterani
1093 2910 1178 2973 X.
1265 2910 1406 2978 Cal.
1494 2909 1839 2976 Februarii
1920 2908 2347 2975 Pontificatus
2408 2905 2619 2971 nostri

239 3014 418 3059 anno
461 2996 712 3078 quinto.
891 3030 904 3037 -
1045 3024 1054 3031 ·
2128 2994 2135 2999 ’

1266 3282 1272 3287 .
1389 3185 1464 3252 C‘

405 3342 756 3422 otmarus,
800 3340 927 3404 Dei
971 3340 1182 3425 gratia
1223 3360 1362 3421 rex,
1408 3348 1476 3404 et
1531 3338 1815 3403 barones
1856 3339 2187 3403 Boemiae.

407 3428 758 3493 Universis
835 3435 1248 3513 praesentem
1324 3426 1637 3513 paginam
1718 3426 2111 3511 inspecturis
2182 3422 2463 3489 salutem
2548 3422 2623 3503 in

241 3515 546 3581 Domino.

403 3598 841 3665 Universitati
884 3606 1142 3663 vestrae
1203 3606 1429 3664 tenore
1495 3598 1940 3683 praesentium
1999 3596 2278 3661 facimus
2342 3592 2617 3659 manife-

237 3694 428 3767 stum,
489 3684 666 3771 quod
721 3704 844 3748 nos
897 3684 1333 3771 approbamus
1393 3692 1460 3749 et
1502 3693 1649 3748 rata
1688 3682 2009 3749 habemus
2054 3684 2300 3763 omnia,
2353 3700 2521 3767 quac
2578 3700 2622 3743 a

235 3780 656 3857 procuratore
713 3777 936 3836 nostro
995 3772 1306 3855 magistro
1363 3770 1669 3835 Johanne
1729 3771 1811 3834 de
1856 3770 2163 3835 Scacario
2207 3770 2275 3833 in
2320 3768 2621 3833 Romana

237 3859 420 3923 curia
463 3874 636 3929 cum,
661 3856 968 3943 episcopo
1013 3856 1328 3941 Pragensi
1373 3865 1529 3921 sunt
1566 3864 1733 3937 acta,
1774 3876 1941 3941 quae
1978 3857 2048 3919 in
2096 3865 2323 3919 tenore
2362 3872 2620 3937 compo-

244 3944 487 4009 sitionis
532 3941 936 4027 subscriptae
978 3941 1240 4027 plenius
1285 3944 1705 4008 continentur
1728 3988 1746 4023 ‚
1803 3942 1995 4027 >cujus
2052 3948 2243 4005 tenor
2283 3947 2383 4005 est
2424 3936 2620 4003 talia-t

394 4046 730 4111 (Sequuntur
759 4044 946 4097 literae
979 4044 1208 4096 Honorii
1247 4060 1438 4113 papae,
1473 4060 1616 4111 quae
1652 4060 1817 4112 supra
1852 4044 2103 4109 leguntur
2138 4044 2236 4095 sub
2273 4044 2353 4095 lit.
2393 4042 2462 4109 Δ)

409 4114 632 4181 Parati
677 4114 873 4178 etiam
918 4132 1165 4194 sumus,
1211 4114 1549 4179 cautiones
1603 4134 1723 4197 pro
1768 4111 2105 4199 praedicta
2150 4111 2621 4197 compositione

248 4199 566 4265 servanda
597 4207 964 4285 praestare,
1013 4218 1185 4287 quae
1227 4201 1297 4264 in
1342 4198 1553 4264 literis
1597 4199 1880 4263 Romani
1922 4198 2257 4264 Pontificis
2296 4195 2621 4262 confectis

251 4285 478 4351 exinde
521 4286 961 4367 continentur,
1009 4306 1282 4371 quorum
1323 4294 1518 4352 tenor
1559 4292 1661 4350 est
1696 4283 1894 4349 talis:
1967 4312 1978 4324 ,
