3150 5017
555 308 841 359 mmm.
1513 327 1601 339 —-
1686 292 1817 359 360
1904 330 1953 341 —

563 462 740 529 disse
819 464 990 530 intre
1039 464 1146 529 ide
1205 466 1562 550 potuisset3
1631 487 1756 531 nec
1806 466 1965 551 jura
2022 462 2413 531 abscondita
2470 486 2615 531 esse
2676 464 2940 547 debent,

563 550 679 617 sed
747 550 816 615 in
861 549 1000 639 pub
1028 552 1148 633 icc,
1210 552 1366 637 quia
1425 572 1655 616 omnes
1713 551 2015 617 homines
2065 552 2223 637 jura
2299 553 2467 618 scire
2544 550 2806 635 debent,
2864 560 2944 617 ut

561 637 874 703 universa
931 638 1263 726 prohibita
1337 636 1705 720 declinent,
1784 646 1849 703 et
1919 639 2245 725 permissa
2302 647 2654 705 sectentur.
2756 638 2941 721 Quid

543 725 738 790 -enim
783 723 917 790 illis
965 725 1046 791 de
1093 723 1358 791 Chutna
1393 726 1546 811 jura
1591 723 2067 811 Iglaviensium
2114 724 2503 791 abscondita
2546 724 2935 814 profuerint,

561 832 648 877 ex
693 831 823 897 quo
867 812 1027 897 ipsis
1121 812 1337 877 lenam
1385 814 1641 898 copiam
1690 811 1906 877 facere
1928 822 2335 896 recusarunt,
2380 813 2510 877 nisi
2555 812 2731 899 quod
2776 834 2939 899 pau-

560 918 750 985 peres
798 898 1026 963 afflicti
1097 897 1409 964 aboribus
1471 907 1541 964 et
1586 901 1899 983 expensis
1958 898 2355 985 quandoque
2415 899 2737 985 quasdam
2780 922 2935 965 sen-

565 984 810 1050 tentias
855 983 1241 1068 retulerunt,
1310 1006 1434 1050 nec
1493 986 1623 1073 ipsi
1666 984 2076 1071 Iglavienses
2123 986 2343 1051 debito
2388 985 2582 1051 modo
2618 987 2775 1073 jura
2816 1008 2935 1073 po-

563 1078 780 1137 terant
825 1070 1198 1137 defensare!
1291 1072 1464 1154 Quia
1526 1094 1759 1159 parum
1820 1072 2107 1161 prodest,
2175 1074 2242 1139 in
2306 1071 2527 1159 aliquo
2588 1072 2733 1138 loco
2781 1074 2940 1159 jura

565 1178 729 1239 esse,
759 1158 886 1223 nisi
911 1160 1042 1223 sint
1066 1180 1404 1245 personae,
1451 1160 1564 1245 qui
1578 1160 1735 1244 jura
1760 1168 2230 1225 manuteneant
2250 1167 2317 1224 et
2342 1158 2733 1238 defendant3
2782 1182 2936 1225 nam

562 1243 746 1329 leges
804 1252 869 1309 et
930 1244 1276 1331 plebiscita
1382 1267 1454 1310 er
1497 1246 1631 1310 vim
1681 1254 1833 1311 sunt
1878 1254 2163 1312 coactae.
2254 1245 2385 1311 Sed
2434 1268 2555 1313 nos
2599 1247 2940 1332 cupientes

569 1331 794 1396 omnia
836 1333 906 1396 in
951 1340 1190 1397 statum
1252 1268 1548 1397 debitum
1612 1344 1943 1414 revocare‚5
2002 1334 2128 1398 hoc
2187 1331 2671 1398 consultissimo
2763 1332 2938 1399 robi-

563 1415 796 1483 bemus
853 1418 1090 1495 edicte,
1153 1440 1236 1484 ne
1297 1419 1627 1485 urburarii
1688 1427 1806 1485 aut
1863 1441 2282 1485 concessores
2341 1419 2652 1505 deinceps
2740 1440 2939 1485 aneos

564 1503 821 1590 aliquos
867 1505 1202 1591 praedicto
1227 1506 1420 1572 modo
1447 1505 1793 1573 conferant
1821 1515 1935 1571 aut
1980 1506 2365 1587 concedant,
2412 1506 2531 1573 sed
2573 1506 2751 1571 hunc
2798 1529 2936 1572 mo-

568 1590 722 1656 dum
785 1591 1189 1657 concedendi
1256 1594 1324 1657 in
1384 1592 1518 1658 illis
1593 1592 2131 1658 concessionibus
2193 1594 2274 1658 de
2334 1601 2549 1659 cetero
2610 1592 2939 1659 voluimus

567 1676 922 1743 observari.
971 1682 1031 1761 ξ.
1064 1679 1161 1744 14.
1207 1678 1384 1745 Sane
1404 1688 1645 1755 tamen,
1691 1681 1845 1767 quia
1870 1680 2230 1745 secundum
2254 1679 2405 1745 illas
2428 1687 2706 1765 quatuor
2749 1680 2939 1745 horas

565 1765 706 1829 sive
735 1764 1060 1830 schichtas
1079 1765 1209 1830 diei
1241 1774 1304 1831 et
1329 1768 1562 1848 noctis,⁸
1592 1767 1763 1832 sicut
1786 1772 1993 1853 primo
2027 1766 2196 1831 libro
2222 1766 2301 1832 de
2325 1767 2631 1832 horarum
2654 1788 2939 1853 pronun-

545 1851 835 1917 tiatione
880 1851 1124 1917 dictum
1150 1861 1268 1933 est,
1314 1874 1482 1938 quae
1507 1876 1655 1918 cum
1681 1862 2033 1939 augmento
2058 1862 2125 1919 et
2150 1852 2409 1919 defectu
2456 1854 2585 1919 diei
2629 1861 2695 1919 et
2738 1855 2941 1920 noctis

563 1938 960 2004 instabiliter
1025 1940 1381 2021 varientur,
1447 1961 1581 2004 non
1628 1961 1974 2027 possumus
2018 1941 2101 2005 ad
2168 1940 2526 2008 videndum
2594 1940 2677 2005 de
2736 1939 2940 2007 laneis

565 2024 1004 2091 concedendis
1069 2025 1298 2091 horam
1367 2024 1498 2091 diei
1544 2025 1845 2092 stabilem
1908 2036 1974 2092 et
2032 2027 2509 2093 immutabilem
2554 2028 2931 2112 assignare:

566 2112 744 2178 unde
813 2112 868 2177 si
937 2120 1117 2197 petat
1189 2112 1428 2198 aliquis
1475 2112 1789 2180 conferre
1864 2114 1989 2178 sibi
2066 2112 2353 2199 aliquem
2419 2114 2683 2179 laneum
2761 2114 2936 2180 deso·

566 2198 792 2279 latum,
857 2200 1117 2265 mittant
1175 2200 1386 2284 primo
1445 2199 1773 2266 urburarii
1819 2210 1931 2266 aut
1976 2222 2325 2267 concessor
2383 2222 2586 2266 unum
2633 2216 2735 2265 ex·
2754 2202 2933 2287 jura-

563 2287 671 2365 tis,
735 2286 848 2370 qui
909 2286 1134 2350 videat
1195 2288 1408 2372 prima
1452 2286 1629 2369 ‘hora
1698 2286 1864 2369 diei,
1934 2287 2002 2351 id
2070 2296 2167 2351 est
2233 2286 2407 2352 infra
2476 2289 2742 2355 missam
2814 2290 2931 2375 pri-

565 2394 738 2436 mam
803 2380 870 2436 et
937 2373 1202 2437 missam
1273 2394 1599 2438 summam
1660 2383 1724 2438 et
1767 2376 1835 2437 in
1885 2373 2045 2447 hora
2087 2396 2534 2461 vesperarum,
2581 2374 2929 2439 dummodo

563 2480 694 2523 non
761 2458 846 2523 sit
903 2459 1134 2543 vigilia
1195 2467 1261 2526 et
1329 2459 1470 2525 dies
1531 2458 1831 2542 celebris,
1900 2467 1966 2525 et
2010 2462 2065 2525 si
2109 2460 2212 2525 his
2261 2460 2512 2526 duabus
2556 2460 2737 2526 horis
2781 2483 2930 2527 eun-

563 2545 712 2610 dem
755 2546 1015 2609 laneum
1051 2548 1196 2630 jam
1242 2548 1516 2631 petitum
1561 2547 1893 2613 invenerit
1940 2546 2324 2629 desolatum,
2370 2556 2437 2613 et
2480 2549 2535 2612 si
2558 2547 2684 2613 hoc
2716 2569 2927 2613 coram

563 2632 930 2696 urburariis
977 2642 1090 2696 aut
1135 2651 1520 2699 concessere
1563 2656 1684 2720 per
1732 2642 1921 2698 suum
1980 2634 2422 2719 juramentum
2471 2633 2671 2699 fuerit
2714 2643 2923 2721 prote-

568 2726 808 2783 status:
869 2726 1029 2781 tunc
1073 2720 1284 2804 primo
1343 2718 1456 2786 ille
1516 2720 1747 2785 laneus
1814 2720 1976 2807 ipsis
2023 2718 2417 2805 petentibus,
2466 2721 2519 2784 si
2564 2720 2751 2806 digni
2795 2720 2918 2786 fue·

565 2805 720 2887 rint,
783 2804 1198 2887 concedatur,
1260 2813 1326 2871 et
1386 2808 1436 2871 si
1511 2806 1636 2873 hoc
1702 2829 1834 2872 non
1881 2806 2161 2873 fecerint
2204 2809 2271 2872 in
2317 2806 2619 2873 fraudem
2666 2829 2921 2873 suorum

567 2891 1100 2957 concolonorum.
1187 2892 1357 2957 Nam
1403 2893 1613 2975 multi,
1660 2914 1811 2957 cum
1858 2895 2037 2979 ipsos
2084 2894 2243 2959 ordo
2306 2895 2518 2979 tangit
2568 2892 2920 2975 laborandi,

564 2979 795 3063 insciis
857 2979 993 3043 suis
1053 2977 1434 3045 concolonis
1493 2980 1831 3045 dimittunt
1890 2980 2400 3066 argentifodium
2462 3001 2653 3045 suum
2720 2980 2919 3048 incul—

563 3073 722 3146 tum,
770 3072 838 3129 et
881 3064 1099 3131 denuo
1144 3066 1360 3151 ipsum
1408 3065 1492 3131 ab
1539 3066 1903 3131 urburariis
1948 3076 2062 3132 aut
2106 3088 2493 3133 concessere
2536 3068 2912 3153 suscipiunt,

561 3160 634 3216 ut
677 3173 796 3238 per
840 3150 1012 3216 hanc
1058 3152 1365 3220 astutiam
1398 3174 1551 3219 suos
1599 3155 1852 3239 possint
1876 3152 2229 3219 excludere
2254 3152 2689 3231 concolonos;
2737 3174 2917 3240 quam

560 3239 865 3304 astutiam
912 3240 1172 3325 penitus
1217 3240 1700 3326 reprobramus,
1758 3241 1914 3326 quia
1975 3240 2157 3305 fraus
2218 3248 2284 3305 et
2352 3239 2540 3304 dolus
2608 3240 2776 3305 nulli
2820 3260 2915 3325 pa-

559 3325 872 3391 trocinari
965 3324 1226 3390 debent.
1317 3325 1657 3412 Quidquid
1747 3335 1966 3391 autem
2045 3334 2273 3392 contra
2348 3326 2596 3391 dictum
2672 3328 2920 3393 modum

562 3411 790 3477 laneos
865 3409 1268 3476 concedendi
1328 3412 1529 3477 fuerit
1586 3421 2064 3498 attemptatum,
2122 3414 2265 3499 ipso
2320 3414 2472 3497 jure
2532 3414 2615 3477 sit
2681 3414 2921 3478 irritum

561 3506 626 3564 et
671 3499 902 3581 inane3
991 3519 1122 3563 non
1183 3499 1356 3565 enim
1393 3500 1544 3583 jure
1590 3508 1812 3565 nostro
1871 3498 2130 3565 labores
2181 3500 2511 3585 justorum
2577 3501 2763 3586 impii
2828 3520 2921 3565 oc-

562 3584 918 3670 cupabunt.
1023 3588 1083 3667 ξ.
1157 3585 1256 3650 15.
1337 3586 1647 3653 Proxime
1744 3596 1959 3651 autem
2016 3586 2131 3669 jus
2205 3585 2451 3651 dictum
2537 3585 2621 3651 de
2727 3585 2922 3653 laneis

561 3670 976 3737 conferendis
1049 3672 1245 3736 etiam
1305 3672 1376 3736 in
1443 3693 1823 3757 camporum
1900 3672 2193 3755 culturis,
2274 3674 2329 3737 si
2404 3671 2622 3737 coloni
2702 3694 2780 3739 ex
2844 3672 2926 3737 eis

562 3766 851 3822 meatum
929 3778 1120 3824 suum
1199 3759 1321 3822 rite
1387 3767 1453 3823 et
1517 3756 1999 3824 rationabiliter
2063 3781 2103 3823 a
2170 3779 2553 3824 concessere
2640 3779 2927 3845 suscepe-

561 3844 694 3909 rint
779 3852 844 3909 et
901 3846 1061 3931 ipsis
1123 3846 1205 3910 sit
1264 3844 1498 3911 laneus
1557 3854 2010 3925 mensuratus,
2072 3846 2511 3932 praecipimus
2580 3843 2926 3923 observari,

563 3930 674 4017 qui
749 3932 972 3996 statim
1039 3932 1059 3995 i
1112 3932 1200 3995 sis
1267 3930 1459 3999 laneo
1543 3941 1918 3997 mensurato
1988 3932 2101 4017 jus
2168 3931 2345 3997 lanei
2413 3940 2925 4018 consequuntur;

563 4016 680 4083 sed
747 4015 916 4082 aliae
980 4040 1062 4083 cu
1091 4028 1277 4084 turae
1345 4039 1749 4104 camporum,
1809 4040 2001 4105 quam
2073 4020 2202 4084 cito
2270 4019 2674 4099 vacaverint,
2744 4038 2923 4083 occu-

563 4103 877 4190 pantibus
945 4106 1425 4182 conceduntur,
1499 4104 1853 4171 dummodo
1920 4126 2053 4169 non
2120 4106 2189 4171 in
2256 4104 2501 4191 vigiliis
2568 4114 2634 4170 et
2702 4102 2923 4170 diebus

564 4187 932 4257 celebribus
994 4201 1412 4277 occupentur.
1503 4196 1563 4275 ξ.
1616 4194 1714 4258 16.
1778 4192 1849 4259 Si
1904 4197 2009 4257 cui
2068 4198 2289 4257 autem
2334 4193 2672 4259 concessio
2716 4190 2919 4276 aliqua

562 4275 989 4355 concedatur,
1071 4277 1362 4364 gaudeat
1430 4300 1508 4345 eo
1567 4281 1751 4366 jure,
1828 4279 2003 4365 quod
2084 4276 2210 4343 sibi
2278 4300 2631 4345 concessor
2696 4274 2916 4343 dixerit
