3150 5017
1182 312 1648 382 -19‘1-

1366 556 1449 621 69

792 693 1237 779 Infeudatio
1294 694 1547 779 castri
1601 692 2050 778 Friedland.

1152 834 1336 909 1278,
1386 834 1443 899 7.
1488 832 1682 899 Febr.

428 1026 640 1077 Corona
686 1026 837 1093 regni
882 1026 1171 1077 Bohemiae
1215 1025 1448 1091 plurima
1499 1026 1660 1077 feuda
1692 1025 2016 1093 possidebat,
2053 1026 2194 1093 quod
2229 1025 2417 1076 literae
2453 1023 2584 1075 olim

242 1097 289 1145 in
330 1110 447 1147 arce
493 1095 765 1147 Karlstein
800 1096 942 1147 inter
988 1094 1271 1163 privilegia
1321 1101 1495 1147 terrae
1530 1102 1837 1147 asservatae
1870 1099 2150 1159 testantur,
2186 1110 2412 1163 quarum
2447 1095 2585 1146 anti-

244 1166 507 1229 quissimae
542 1166 613 1217 ad
646 1170 886 1233 tempora
920 1166 1063 1233 regis
1096 1164 1392 1230 Premyslai
1424 1166 1649 1222 Otacari
1661 1167 1734 1219 11.
1764 1166 2080 1217 referuntur.
2127 1164 2324 1220 Literis
2359 1179 2411 1215 a.
2451 1165 2587 1215 1278

243 1234 367 1285 datis
396 1234 565 1286 Bulco
602 1234 668 1286 de
703 1234 1005 1286 Biberstein
1058 1239 1292 1285 castrum
1345 1232 1634 1286 Friedland
1670 1236 1728 1285 in
1763 1234 2185 1301 septemtrionali
2219 1235 2382 1301 plaga
2416 1232 2589 1285 Bohe·

239 1305 363 1355 miae
394 1306 557 1356 situm
591 1304 738 1355 feudi
772 1306 990 1355 nomine
1022 1306 1231 1371 accepit
1266 1300 1443 1369 (Balb.
1480 1303 1635 1359 Misc.
1673 1304 1844 1370 VIII.)

428 1374 636 1425 citatur
670 1374 883 1439 quidem
910 1374 1029 1439 jam
1063 1389 1115 1426 a.
1154 1375 1286 1425 1277
1322 1373 1648 1441 Niclasburg
1663 1374 1936 1425 Moraviae
1969 1373 2252 1424 castollum
2287 1377 2345 1423 ut
2379 1370 2595 1423 feudum

236 1442 441 1495 Hem-ici
492 1458 527 1495 a
574 1443 958 1509 Lichtenstein,
1013 1448 1069 1495 at
1104 1458 1213 1494 non
1252 1448 1364 1494 erat
1398 1443 1534 1495 illud
1568 1444 1817 1510 primitus
1852 1442 2088 1505 feudum,
2123 1441 2217 1494 sed
2255 1440 2589 1508 beneficium,

240 1510 445 1577 vislnha
480 1512 701 1579 dictum,
732 1512 879 1578 qnod
914 1510 979 1565 ex
1014 1512 1400 1565 consuetudine
1426 1513 1567 1577 juris
1603 1512 1870 1563 bohemici
1906 1527 1938 1563 a
1973 1526 2096 1578 rege
2143 1512 2311 1565 tribui
2345 1512 2414 1561 iis
2450 1509 2590 1561 sole·

238 1580 331 1649 bat,
374 1584 462 1647 qui
498 1582 566 1634 de
601 1598 663 1633 eo
698 1584 898 1649 optime
934 1587 1084 1635 erant
1117 1582 1311 1646 meriti,
1362 1584 1441 1635 uti
1498 1587 1681 1648 aperte
1727 1581 2094 1633 demonstrant
2125 1582 2332 1645 literae,
2389 1580 2583 1646 quibus

239 1651 511 1772 ffemyslai
545 1650 872 1705 marchionis
907 1650 1122 1703 donatio
1159 1653 1475 1721 continetur,
1514 1668 1563 1704 a.
1606 1652 1740 1705 1249
1773 1652 2102 1718 perscriptae
2151 1651 2391 1717 (Dobner
2439 1650 2586 1703 Mon·

388 1876 530 1962 Ego
580 1876 789 1941 Bulco
834 1876 915 1941 de
960 1876 1354 1953 Biberstein‚
1397 1878 1588 1941 istius
1631 1884 1856 1941 tenore
1901 1877 2184 1961 paginae
2215 1882 2446 1940 notum
2491 1873 2590 1938 fa·

242 1963 326 2029 cio
376 1965 725 2041 universis,
786 1971 921 2027 tam
982 1962 1439 2051 praesentibus
1506 1984 1701 2051 quam
1766 1962 2021 2038 futuris,
2083 1961 2261 2051 quod
2306 1971 2591 2027 castrum

244 2048 704 2115 Friedland
749 2070 899 2117 cum
947 2048 1251 2115 omnibus
1286 2048 1549 2136 juribus
1597 2057 1662 2113 et
1707 2048 2068 2114 attinentiis
2127 2050 2336 2134 ipsius
2393 2045 2591 2111 castri

242 2138 349 2200 emi
388 2158 428 2203 a
471 2138 892 2206 serenissimo
940 2136 1203 2204 domino
1248 2145 1486 2213 nostre,
1534 2134 1798 2203 domino
1830 2135 2144 2221 Ottogaro
2167 2134 2406 2201 illustri
2433 2153 2592 2218 rege

242 2223 546 2299 Boemiae,
619 2245 738 2311 pro
806 2225 1201 2310 octingentis
1246 2224 1529 2289 marchis
1574 2222 2108 2309 Niirnbergensis
2167 2220 2478 2310 ponderis
2525 2227 2592 2285 et

240 2330 303 2379 ar
344 2312 473 2377 enti
517 2311 915 2377 hereditarie
958 2310 1464 2399 possidendum3
1509 2312 1605 2375 ita
1647 2318 1891 2393 tamen,
1937 2308 2116 2396 quod
2174 2329 2296 2395 ego
2357 2316 2422 2373 et
2483 2305 2594 2372 he-

237 2418 298 2461 re
342 2419 408 2463 es
474 2398 607 2466 mei
669 2397 943 2483 legitimi
1002 2406 1343 2463 teneamus
1402 2406 1467 2463 et
1512 2396 1964 2485 possideamus
2010 2396 2255 2462 dictum
2302 2402 2588 2460 castrum

239 2504 273 2547 a
312 2482 571 2551 domino
616 2506 771 2571 rege
816 2482 1173 2551 Bohemiae
1219 2492 1605 2572 praetaxato
1652 2483 1738 2548 ad
1775 2486 1932 2569 jura
1975 2492 2040 2549 et
2086 2481 2587 2549 constitutiones

236 2570 405 2655 regni
446 2572 781 2653 Boemiae‚
829 2580 894 2637 et
938 2570 1115 2658 quod
1174 2593 1297 2657 ego
1358 2579 1423 2637 et
1480 2571 1755 2638 heredes
1816 2572 1946 2635 mei
2007 2569 2090 2636 de
2152 2569 2325 2635 dicto
2373 2576 2586 2634 castro

240 2656 397 2722 dicto
440 2659 707 2725 domino
752 2663 890 2745 regi
935 2668 1000 2723 et
1042 2657 1397 2724 heredibus
1442 2660 1579 2723 suis
1623 2656 1905 2723 fideliter
1937 2660 2302 2723 serviamus
2327 2665 2392 2721 et
2411 2654 2595 2721 obse·

238 2744 379 2829 quia
396 2742 636 2812 devota
651 2745 1107 2832 impendamus
1137 2753 1203 2810 et
1214 2744 1372 2831 jura
1395 2744 1816 2810 exsolvamus
1862 2744 2193 2832 quaelibet
2236 2742 2596 2811 secundum

240 2833 761 2901 consuetudinem
799 2834 987 2918 regni
1007 2833 1272 2897 Boemis
1295 2840 1361 2897 et
1384 2831 1559 2919 quod
1583 2854 1702 2917 ego
1727 2840 1793 2897 et
1816 2830 2090 2897 heredes
2124 2832 2252 2898 mei
2285 2829 2370 2895 ad
2399 2850 2595 2915 expe-

240 2914 501 2985 ditiones
562 2921 775 3007 ipsius
836 2918 1082 2985 domini
1150 2919 1325 3005 regis
1384 2918 1492 2984 vel
1551 2917 1869 2983 heredum
1937 2938 2202 2984 suorum
2247 2917 2593 2983 veniamus

242 3012 299 3067 et
350 3008 579 3072 venire
642 3015 1003 3087 teneamur,
1064 3006 1299 3071 muniti
1358 3006 1577 3086 armis,
1641 3007 1826 3093 equis
1875 3012 1938 3071 et
1983 3004 2217 3070 ceteris
2262 3023 2592 3069 armorum

240 3094 611 3159 necessariis
678 3094 848 3160 sicut
916 3090 1121 3175 decet,
1188 3094 1442 3179 quoties
1508 3092 1726 3180 ipsum
1803 3091 2140 3157 dominum
2203 3112 2423 3176 regem
2484 3110 2596 3155 eas

240 3175 439 3245 facere
493 3180 852 3266 contigerit
908 3179 1018 3247 vel
1077 3180 1221 3268 ejus
1280 3180 1575 3261 heredes,
1639 3187 1865 3245 contra
1909 3179 2287 3265 provincias
2332 3175 2442 3242 vel
2484 3175 2596 3241 ho-

242 3264 435 3332 mines
464 3266 994 3355 qualescunque,
1036 3275 1100 3339 et
1142 3265 1431 3332 breviter
1474 3268 1784 3332 universa
1844 3264 1974 3331 alia
2032 3284 2462 3352 quaeeunque
2525 3264 2597 3328 in

246 3349 517 3435 ‘udiciis,
588 3354 831 3422 steuris
876 3362 941 3418 et
986 3352 1521 3441 expeditionibus
1572 3374 1656 3417 ac
1716 3350 1864 3417 aliis
1924 3350 2410 3418 conditionibus
2457 3351 2595 3438 qui·

282 3437 519 3506 uslibet
568 3440 755 3507 ‘uxta
799 3442 988 3526 regni
1007 3442 1216 3526 ipsius
1262 3438 1804 3506 consuetudinem
1840 3437 2311 3527 impenduntur
2359 3445 2424 3503 et
2469 3436 2598 3503 sol-

240 3539 472 3593 vuntur
518 3548 561 3593 a
653 3526 801 3593 aliis
845 3526 1151 3595 fidelibus
1214 3528 1421 3613 ipsius
1490 3528 1696 3613 regni,
1760 3525 1988 3592 eadem
2047 3534 2114 3591 et
2157 3526 2256 3590 sin
2350 3524 2417 3589 la
2477 3544 2598 3610 ego

244 3618 304 3673 et
359 3612 636 3679 heredes
702 3615 833 3680 mei
908 3613 1084 3681 dicto
1143 3615 1285 3701 regi
1330 3622 1395 3680 et
1439 3613 1794 3685 heredibus
1842 3616 1981 3687 suis
2024 3614 2246 3701 impen
2297 3633 2485 3679 amus
2530 3618 2596 3675 et

242 3696 615 3785 impendere
660 3709 1020 3770 teneamur.
2433 3781 2436 3783 v

398 3788 631 3853 Testes
674 3796 915 3871 autem,
962 3788 1073 3876 qui
1117 3787 1574 3865 interfuerunt,
1623 3797 1776 3853 sunt
1818 3788 1962 3853 isti:
2023 3786 2352 3853 Dominus
2397 3784 2594 3853 Nico-

240 3867 374 3943 laus
431 3872 609 3941 filius
672 3874 839 3940 dicti.
889 3873 1136 3959 domini
1193 3876 1389 3961 regis,
1448 3873 1888 3940 Damaczlaus
1965 3877 2360 3939 camerarius
2432 3870 2594 3939 Boe-

244 3958 417 4041 miae,
460 3960 892 4028 Mstidruzius
935 3960 1375 4049 burggravius
1419 3960 1807 4047 Pragensis3
1865 3957 2309 4028 Theodericus
2369 3956 2595 4043 Spatz-

246 4064 465 4112 manus
534 4048 937 4114 camerarius
1004 4049 1349 4131 Boemiae3
1396 4046 1614 4113 Hinco
1662 4048 1743 4113 de
1787 4044 2232 4114 Liechtenbur
2297 4070 2314 4131 ς
2371 4044 2591 4111 Hinco

250 4126 518 4219 dapifer3
568 4132 826 4201 Ozenco
873 4134 953 4201 de
998 4134 1245 4223 Lippa3
1288 4132 1499 4201 Wilsz
1544 4133 1626 4200 de
1669 4133 1932 4214 Luticz;
1979 4134 2196 4199 Hinco
2231 4069 2324 4199 {e
2357 4132 2592 4215 Duba3

247 4214 287 4279 J
292 4236 421 4282 eros
466 4220 547 4287 de
590 4220 1079 4307 Waldenberg3
1127 4222 1487 4309 Gregorius
1518 4222 1918 4288 camerarius
1947 4219 2251 4287 dominae
2295 4221 2587 4307 reginae,

253 4310 315 4364 et
354 4302 459 4369 alii
504 4329 700 4392 quam
739 4306 981 4396 plures.
