<?xml version="1.0" encoding="UTF-8"?>
<!DOCTYPE html PUBLIC "-//W3C//DTD XHTML 1.0 Transitional//EN"
    "http://www.w3.org/TR/xhtml1/DTD/xhtml1-transitional.dtd">
<html xmlns="http://www.w3.org/1999/xhtml" xml:lang="en" lang="en">
 <head>
  <title>
</title>
<meta http-equiv="Content-Type" content="text/html;charset=utf-8" />
  <meta name='ocr-system' content='tesseract 3.04.00' />
  <meta name='ocr-capabilities' content='ocr_page ocr_carea ocr_par ocr_line ocrx_word'/>
</head>
<body>
  <div class='ocr_page' id='page_1' title='image "./codexjurisbohem01unkngoog_0151.png"; bbox 0 0 3150 5017; ppageno 0'>
   <div class='ocr_carea' id='block_1_1' title="bbox 1156 356 1634 430">
    <p class='ocr_par' dir='ltr' id='par_1_1' title="bbox 1156 356 1634 430">
     <span class='ocr_line' id='line_1_1' title="bbox 1156 356 1634 430; baseline 0.002 -2"><span class='ocrx_word' id='word_1_1' title='bbox 1156 356 1634 430; x_wconf 78' lang='lat'>-141—</span> 
     </span>
    </p>
   </div>
   <div class='ocr_carea' id='block_1_2' title="bbox 210 528 1341 1050">
    <p class='ocr_par' dir='ltr' id='par_1_2' title="bbox 216 528 1337 701">
     <span class='ocr_line' id='line_1_2' title="bbox 217 528 1337 622; baseline 0.007 -29"><span class='ocrx_word' id='word_1_2' title='bbox 217 548 391 593; x_wconf 82' lang='lat' dir='ltr'><strong>sunm</strong></span> <span class='ocrx_word' id='word_1_3' title='bbox 424 529 728 613; x_wconf 83' lang='lat' dir='ltr'><strong>judicem</strong></span> <span class='ocrx_word' id='word_1_4' title='bbox 774 528 843 597; x_wconf 87' lang='lat' dir='ltr'><strong>in</strong></span> <span class='ocrx_word' id='word_1_5' title='bbox 885 532 1141 618; x_wconf 73' lang='lat' dir='ltr'><strong>judicio</strong></span> <span class='ocrx_word' id='word_1_6' title='bbox 1186 557 1337 622; x_wconf 82' lang='lat' dir='ltr'><strong>pro-</strong></span> 
     </span>
     <span class='ocr_line' id='line_1_3' title="bbox 216 614 522 701; baseline 0.02 -24"><span class='ocrx_word' id='word_1_7' title='bbox 216 614 522 701; x_wconf 82' lang='lat' dir='ltr'><strong>cedatur).</strong></span> 
     </span>
    </p>

    <p class='ocr_par' dir='ltr' id='par_1_3' title="bbox 210 703 1341 1050">
     <span class='ocr_line' id='line_1_4' title="bbox 366 703 1341 785; baseline 0.006 -18"><span class='ocrx_word' id='word_1_8' title='bbox 366 706 469 767; x_wconf 83' lang='lat'><strong>31.</strong></span> <span class='ocrx_word' id='word_1_9' title='bbox 518 703 715 785; x_wconf 83' lang='lat' dir='ltr'><strong>Item,</strong></span> <span class='ocrx_word' id='word_1_10' title='bbox 763 706 1111 771; x_wconf 75' lang='lat' dir='ltr'><strong>statuimus</strong></span> <span class='ocrx_word' id='word_1_11' title='bbox 1156 716 1231 772; x_wconf 90' lang='lat' dir='ltr'><strong>ut</strong></span> <span class='ocrx_word' id='word_1_12' title='bbox 1274 717 1341 773; x_wconf 86' lang='lat' dir='ltr'><strong>et</strong></span> 
     </span>
     <span class='ocr_line' id='line_1_5' title="bbox 212 785 1337 879; baseline 0.008 -30"><span class='ocrx_word' id='word_1_13' title='bbox 212 785 425 849; x_wconf 83' lang='lat' dir='ltr'><strong>Judaei</strong></span> <span class='ocrx_word' id='word_1_14' title='bbox 470 788 559 853; x_wconf 85' lang='lat' dir='ltr'><strong>de</strong></span> <span class='ocrx_word' id='word_1_15' title='bbox 604 790 859 855; x_wconf 84' lang='lat' dir='ltr'><strong>talento</strong></span> <span class='ocrx_word' id='word_1_16' title='bbox 896 814 1017 878; x_wconf 87' lang='lat' dir='ltr'><strong>per</strong></span> <span class='ocrx_word' id='word_1_17' title='bbox 1038 794 1337 879; x_wconf 80' lang='lat' dir='ltr'><strong>singulas</strong></span> 
     </span>
     <span class='ocr_line' id='line_1_6' title="bbox 212 871 1336 945; baseline 0.009 -10"><span class='ocrx_word' id='word_1_18' title='bbox 212 871 649 941; x_wconf 81' lang='lat' dir='ltr'><strong>hebdomadas</strong></span> <span class='ocrx_word' id='word_1_19' title='bbox 696 880 955 941; x_wconf 84' lang='lat' dir='ltr'><strong>nonnisi</strong></span> <span class='ocrx_word' id='word_1_20' title='bbox 1016 890 1162 943; x_wconf 90' lang='lat' dir='ltr'><strong>octo</strong></span> <span class='ocrx_word' id='word_1_21' title='bbox 1229 880 1336 945; x_wconf 87' lang='lat' dir='ltr'><strong>de·</strong></span> 
     </span>
     <span class='ocr_line' id='line_1_7' title="bbox 210 960 1249 1050; baseline 0.011 -30"><span class='ocrx_word' id='word_1_22' title='bbox 210 960 405 1024; x_wconf 83' lang='lat' dir='ltr'><strong>uarios</strong></span> <span class='ocrx_word' id='word_1_23' title='bbox 450 963 862 1050; x_wconf 79' lang='lat' dir='ltr'><strong>participant</strong></span> <span class='ocrx_word' id='word_1_24' title='bbox 902 966 971 1029; x_wconf 91' lang='lat' dir='ltr'><strong>in</strong></span> <span class='ocrx_word' id='word_1_25' title='bbox 1016 968 1249 1031; x_wconf 83' lang='lat' dir='ltr'><strong>usuris.</strong></span> 
     </span>
    </p>
   </div>
   <div class='ocr_carea' id='block_1_3' title="bbox 221 2856 1319 3720">
    <p class='ocr_par' dir='ltr' id='par_1_4' title="bbox 221 2856 1319 3720">
     <span class='ocr_line' id='line_1_8' title="bbox 222 2856 1315 2947; baseline 0.005 -27"><span class='ocrx_word' id='word_1_26' title='bbox 222 2856 427 2941; x_wconf 74' lang='lat' dir='ltr'><strong>(Belat</strong></span> <span class='ocrx_word' id='word_1_27' title='bbox 468 2860 831 2927; x_wconf 80' lang='lat' dir='ltr'><strong>Statuimus</strong></span> <span class='ocrx_word' id='word_1_28' title='bbox 876 2862 1071 2926; x_wconf 89' lang='lat' dir='ltr'><strong>etiam</strong></span> <span class='ocrx_word' id='word_1_29' title='bbox 1136 2858 1315 2947; x_wconf 90' lang='lat' dir='ltr'><strong>quod</strong></span> 
     </span>
     <span class='ocr_line' id='line_1_9' title="bbox 221 2945 1317 3035; baseline 0.006 -30"><span class='ocrx_word' id='word_1_30' title='bbox 221 2945 265 3005; x_wconf 81' lang='lat' dir='ltr'><strong>si</strong></span> <span class='ocrx_word' id='word_1_31' title='bbox 326 2946 510 3027; x_wconf 68' lang='lat' dir='ltr'><strong>iudex</strong></span> <span class='ocrx_word' id='word_1_32' title='bbox 569 2948 853 3013; x_wconf 78' lang='lat' dir='ltr'><strong>civitatis</strong></span> <span class='ocrx_word' id='word_1_33' title='bbox 910 2948 979 3011; x_wconf 90' lang='lat' dir='ltr'><strong>in</strong></span> <span class='ocrx_word' id='word_1_34' title='bbox 1028 2970 1159 3035; x_wconf 84' lang='lat' dir='ltr'><strong>qua</strong></span> <span class='ocrx_word' id='word_1_35' title='bbox 1200 2948 1317 3012; x_wconf 84' lang='lat' dir='ltr'><strong>Ju-</strong></span> 
     </span>
     <span class='ocr_line' id='line_1_10' title="bbox 224 3029 1311 3117; baseline 0.006 -26"><span class='ocrx_word' id='word_1_36' title='bbox 224 3029 346 3095; x_wconf 86' lang='lat' dir='ltr'><strong>daei</strong></span> <span class='ocrx_word' id='word_1_37' title='bbox 366 3044 712 3117; x_wconf 84' lang='lat' dir='ltr'><strong>morantur,</strong></span> <span class='ocrx_word' id='word_1_38' title='bbox 744 3032 1031 3099; x_wconf 79' lang='lat' dir='ltr'><strong>noluerit</strong></span> <span class='ocrx_word' id='word_1_39' title='bbox 1045 3030 1311 3099; x_wconf 83' lang='lat' dir='ltr'><strong>eosdem</strong></span> 
     </span>
     <span class='ocr_line' id='line_1_11' title="bbox 222 3118 1316 3205; baseline 0.005 -28"><span class='ocrx_word' id='word_1_40' title='bbox 222 3118 543 3184; x_wconf 81' lang='lat' dir='ltr'><strong>secundum</strong></span> <span class='ocrx_word' id='word_1_41' title='bbox 588 3128 883 3185; x_wconf 85' lang='lat' dir='ltr'><strong>tenorem</strong></span> <span class='ocrx_word' id='word_1_42' title='bbox 937 3118 1316 3205; x_wconf 83' lang='lat' dir='ltr'><strong>hujusmodi</strong></span> 
     </span>
     <span class='ocr_line' id='line_1_12' title="bbox 222 3205 1315 3293; baseline 0.007 -30"><span class='ocrx_word' id='word_1_43' title='bbox 222 3208 391 3269; x_wconf 73' lang='lat' dir='ltr'><strong>nostri</strong></span> <span class='ocrx_word' id='word_1_44' title='bbox 432 3205 761 3293; x_wconf 81' lang='lat' dir='ltr'><strong>privilegii</strong></span> <span class='ocrx_word' id='word_1_45' title='bbox 817 3205 1137 3293; x_wconf 80' lang='lat' dir='ltr'><strong>judicare,</strong></span> <span class='ocrx_word' id='word_1_46' title='bbox 1198 3206 1315 3271; x_wconf 81' lang='lat' dir='ltr'><strong>sed</strong></span> 
     </span>
     <span class='ocr_line' id='line_1_13' title="bbox 222 3292 1317 3358; baseline 0.005 -8"><span class='ocrx_word' id='word_1_47' title='bbox 222 3299 413 3357; x_wconf 77' lang='lat' dir='ltr'><strong>contra</strong></span> <span class='ocrx_word' id='word_1_48' title='bbox 487 3300 733 3357; x_wconf 84' lang='lat' dir='ltr'><strong>statuta</strong></span> <span class='ocrx_word' id='word_1_49' title='bbox 818 3292 1317 3358; x_wconf 72' lang='lat' dir='ltr'><strong>consuetudinis</strong></span> 
     </span>
     <span class='ocr_line' id='line_1_14' title="bbox 221 3377 1317 3465; baseline 0.006 -29"><span class='ocrx_word' id='word_1_50' title='bbox 221 3384 274 3438; x_wconf 81' lang='lat' dir='ltr'><strong>et</strong></span> <span class='ocrx_word' id='word_1_51' title='bbox 327 3377 684 3443; x_wconf 83' lang='lat' dir='ltr'><strong>libertatum</strong></span> <span class='ocrx_word' id='word_1_52' title='bbox 756 3380 1048 3465; x_wconf 83' lang='lat' dir='ltr'><strong>ipsorum</strong></span> <span class='ocrx_word' id='word_1_53' title='bbox 1095 3378 1317 3443; x_wconf 80' lang='lat' dir='ltr'><strong>bacte-</strong></span> 
     </span>
     <span class='ocr_line' id='line_1_15' title="bbox 222 3463 1315 3551; baseline 0.007 -30"><span class='ocrx_word' id='word_1_54' title='bbox 222 3480 325 3525; x_wconf 85' lang='lat' dir='ltr'><strong>nus</strong></span> <span class='ocrx_word' id='word_1_55' title='bbox 361 3463 739 3530; x_wconf 83' lang='lat' dir='ltr'><strong>observatas</strong></span> <span class='ocrx_word' id='word_1_56' title='bbox 785 3486 1150 3551; x_wconf 74' lang='lat' dir='ltr'><strong>aggravare</strong></span> <span class='ocrx_word' id='word_1_57' title='bbox 1194 3486 1315 3529; x_wconf 83' lang='lat' dir='ltr'><strong>vo-</strong></span> 
     </span>
     <span class='ocr_line' id='line_1_16' title="bbox 222 3542 1318 3643; baseline 0.006 -34"><span class='ocrx_word' id='word_1_58' title='bbox 222 3542 409 3643; x_wconf 65' lang='lat' dir='ltr'><strong>iuerit:</strong></span> <span class='ocrx_word' id='word_1_59' title='bbox 472 3552 860 3637; x_wconf 73' lang='lat' dir='ltr'><strong>priusquam</strong></span> <span class='ocrx_word' id='word_1_60' title='bbox 922 3552 1115 3616; x_wconf 81' lang='lat' dir='ltr'><strong>nobis</strong></span> <span class='ocrx_word' id='word_1_61' title='bbox 1200 3572 1318 3639; x_wconf 89' lang='lat' dir='ltr'><strong>per</strong></span> 
     </span>
     <span class='ocr_line' id='line_1_17' title="bbox 222 3638 1319 3720; baseline 0.011 -29"><span class='ocrx_word' id='word_1_62' title='bbox 222 3652 362 3714; x_wconf 75' lang='lat' dir='ltr'><strong>npsos</strong></span> <span class='ocrx_word' id='word_1_63' title='bbox 381 3638 753 3720; x_wconf 82' lang='lat' dir='ltr'><strong>innotuerit,</strong></span> <span class='ocrx_word' id='word_1_64' title='bbox 800 3650 1219 3703; x_wconf 84' lang='lat' dir='ltr'><strong>removeatur</strong></span> <span class='ocrx_word' id='word_1_65' title='bbox 1252 3647 1319 3703; x_wconf 88' lang='lat' dir='ltr'><strong>et</strong></span> 
     </span>
    </p>
   </div>
   <div class='ocr_carea' id='block_1_4' title="bbox 222 3717 1311 3895">
    <p class='ocr_par' dir='ltr' id='par_1_5' title="bbox 222 3717 1311 3895">
     <span class='ocr_line' id='line_1_18' title="bbox 222 3717 1311 3791; baseline 0.011 -14"><span class='ocrx_word' id='word_1_66' title='bbox 222 3717 355 3785; x_wconf 79' lang='lat' dir='ltr'><strong>alius</strong></span> <span class='ocrx_word' id='word_1_67' title='bbox 405 3722 485 3787; x_wconf 85' lang='lat' dir='ltr'><strong>de</strong></span> <span class='ocrx_word' id='word_1_68' title='bbox 548 3737 773 3789; x_wconf 82' lang='lat' dir='ltr'><strong>nostra</strong></span> <span class='ocrx_word' id='word_1_69' title='bbox 834 3725 1113 3790; x_wconf 77' lang='lat' dir='ltr'><strong>scientia</strong></span> <span class='ocrx_word' id='word_1_70' title='bbox 1156 3746 1311 3791; x_wconf 84' lang='lat' dir='ltr'><strong>con-</strong></span> 
     </span>
     <span class='ocr_line' id='line_1_19' title="bbox 222 3806 533 3895; baseline 0.035 -31"><span class='ocrx_word' id='word_1_71' title='bbox 222 3806 533 3895; x_wconf 78' lang='lat' dir='ltr'><strong>stituatur.)</strong></span> 
     </span>
    </p>
   </div>
   <div class='ocr_carea' id='block_1_5' title="bbox 1428 708 2586 2757">
    <p class='ocr_par' dir='ltr' id='par_1_6' title="bbox 1441 708 2586 969">
     <span class='ocr_line' id='line_1_20' title="bbox 1620 708 2582 795; baseline 0.008 -25"><span class='ocrx_word' id='word_1_72' title='bbox 1620 712 1680 791; x_wconf 66' lang='lat' dir='ltr'><strong>g.</strong></span> <span class='ocrx_word' id='word_1_73' title='bbox 1729 714 1830 776; x_wconf 80' lang='lat'><strong>31.</strong></span> <span class='ocrx_word' id='word_1_74' title='bbox 1877 708 2066 792; x_wconf 83' lang='lat' dir='ltr'><strong>Item,</strong></span> <span class='ocrx_word' id='word_1_75' title='bbox 2101 708 2300 795; x_wconf 82' lang='lat' dir='ltr'><strong>juxta</strong></span> <span class='ocrx_word' id='word_1_76' title='bbox 2341 710 2582 780; x_wconf 83' lang='lat' dir='ltr'><strong>consti-</strong></span> 
     </span>
     <span class='ocr_line' id='line_1_21' title="bbox 1441 795 2586 889; baseline 0.003 -30"><span class='ocrx_word' id='word_1_77' title='bbox 1441 795 1730 860; x_wconf 86' lang='lat' dir='ltr'><strong>tutiones</strong></span> <span class='ocrx_word' id='word_1_78' title='bbox 1833 817 2046 883; x_wconf 80' lang='lat' dir='ltr'><strong>papae</strong></span> <span class='ocrx_word' id='word_1_79' title='bbox 2155 797 2223 860; x_wconf 93' lang='lat' dir='ltr'><strong>in</strong></span> <span class='ocrx_word' id='word_1_80' title='bbox 2321 799 2586 889; x_wconf 75' lang='lat' dir='ltr'><strong>nomine</strong></span> 
     </span>
     <span class='ocr_line' id='line_1_22' title="bbox 1442 880 2584 969; baseline 0.002 -24"><span class='ocrx_word' id='word_1_81' title='bbox 1442 883 1656 946; x_wconf 80' lang='lat' dir='ltr'><strong>sancti</strong></span> <span class='ocrx_word' id='word_1_82' title='bbox 1712 882 1920 969; x_wconf 84' lang='lat' dir='ltr'><strong>patris</strong></span> <span class='ocrx_word' id='word_1_83' title='bbox 1961 882 2169 947; x_wconf 87' lang='lat' dir='ltr'><strong>nostri</strong></span> <span class='ocrx_word' id='word_1_84' title='bbox 2222 880 2584 947; x_wconf 78' lang='lat' dir='ltr'><strong>districtius</strong></span> 
     </span>
    </p>

    <p class='ocr_par' dir='ltr' id='par_1_7' title="bbox 1488 966 2581 1051">
     <span class='ocr_line' id='line_1_23' title="bbox 1488 966 2581 1051; baseline 0.001 -19"><span class='ocrx_word' id='word_1_85' title='bbox 1488 966 1885 1051; x_wconf 77' lang='lat' dir='ltr'><strong>rohibemus,</strong></span> <span class='ocrx_word' id='word_1_86' title='bbox 1928 989 2015 1033; x_wconf 87' lang='lat' dir='ltr'><strong>ne</strong></span> <span class='ocrx_word' id='word_1_87' title='bbox 2059 966 2144 1033; x_wconf 85' lang='lat' dir='ltr'><strong>de</strong></span> <span class='ocrx_word' id='word_1_88' title='bbox 2181 978 2400 1033; x_wconf 86' lang='lat' dir='ltr'><strong>cetero</strong></span> <span class='ocrx_word' id='word_1_89' title='bbox 2464 966 2508 1033; x_wconf 85' lang='lat' dir='ltr'>J</span> <span class='ocrx_word' id='word_1_90' title='bbox 2511 990 2581 1033; x_wconf 89' lang='lat' dir='ltr'><strong>u-</strong></span> 
     </span>
    </p>

    <p class='ocr_par' dir='ltr' id='par_1_8' title="bbox 1428 1052 2578 2757">
     <span class='ocr_line' id='line_1_24' title="bbox 1486 1052 2575 1139; baseline 0.002 -22"><span class='ocrx_word' id='word_1_91' title='bbox 1486 1054 1587 1118; x_wconf 84' lang='lat' dir='ltr'><strong>aei</strong></span> <span class='ocrx_word' id='word_1_92' title='bbox 1634 1052 1878 1139; x_wconf 83' lang='lat' dir='ltr'><strong>singuli</strong></span> <span class='ocrx_word' id='word_1_93' title='bbox 1923 1054 1994 1118; x_wconf 92' lang='lat' dir='ltr'><strong>in</strong></span> <span class='ocrx_word' id='word_1_94' title='bbox 2040 1063 2263 1118; x_wconf 84' lang='lat' dir='ltr'><strong>nostro</strong></span> <span class='ocrx_word' id='word_1_95' title='bbox 2281 1054 2575 1119; x_wconf 90' lang='lat' dir='ltr'><strong>dominio</strong></span> 
     </span>
     <span class='ocr_line' id='line_1_25' title="bbox 1440 1138 2578 1227; baseline 0.003 -24"><span class='ocrx_word' id='word_1_96' title='bbox 1440 1140 1776 1205; x_wconf 83' lang='lat' dir='ltr'><strong>constituti</strong></span> <span class='ocrx_word' id='word_1_97' title='bbox 1795 1138 2047 1226; x_wconf 84' lang='lat' dir='ltr'><strong>culpari</strong></span> <span class='ocrx_word' id='word_1_98' title='bbox 2067 1138 2367 1220; x_wconf 83' lang='lat' dir='ltr'><strong>debeant,</strong></span> <span class='ocrx_word' id='word_1_99' title='bbox 2401 1141 2578 1227; x_wconf 86' lang='lat' dir='ltr'><strong>quod</strong></span> 
     </span>
     <span class='ocr_line' id='line_1_26' title="bbox 1436 1224 2576 1311; baseline 0.002 -22"><span class='ocrx_word' id='word_1_100' title='bbox 1436 1224 1728 1291; x_wconf 86' lang='lat' dir='ltr'><strong>humano</strong></span> <span class='ocrx_word' id='word_1_101' title='bbox 1751 1234 2022 1291; x_wconf 81' lang='lat' dir='ltr'><strong>utantur</strong></span> <span class='ocrx_word' id='word_1_102' title='bbox 2041 1226 2381 1311; x_wconf 80' lang='lat' dir='ltr'><strong>sanguine,</strong></span> <span class='ocrx_word' id='word_1_103' title='bbox 2421 1248 2576 1291; x_wconf 88' lang='lat' dir='ltr'><strong>cum</strong></span> 
     </span>
     <span class='ocr_line' id='line_1_27' title="bbox 1430 1310 2571 1399; baseline 0.002 -24"><span class='ocrx_word' id='word_1_104' title='bbox 1430 1313 1626 1397; x_wconf 77' lang='lat' dir='ltr'><strong>juxta</strong></span> <span class='ocrx_word' id='word_1_105' title='bbox 1667 1319 2085 1399; x_wconf 82' lang='lat' dir='ltr'><strong>praeceptum</strong></span> <span class='ocrx_word' id='word_1_106' title='bbox 2105 1311 2278 1396; x_wconf 87' lang='lat' dir='ltr'><strong>legis</strong></span> <span class='ocrx_word' id='word_1_107' title='bbox 2292 1310 2376 1377; x_wconf 81' lang='lat' dir='ltr'><strong>ab</strong></span> <span class='ocrx_word' id='word_1_108' title='bbox 2393 1314 2571 1379; x_wconf 88' lang='lat' dir='ltr'><strong>omni</strong></span> 
     </span>
     <span class='ocr_line' id='line_1_28' title="bbox 1437 1396 2570 1484; baseline 0.004 -23"><span class='ocrx_word' id='word_1_109' title='bbox 1437 1418 1708 1484; x_wconf 82' lang='lat' dir='ltr'><strong>prorsus</strong></span> <span class='ocrx_word' id='word_1_110' title='bbox 1773 1399 2097 1483; x_wconf 82' lang='lat' dir='ltr'><strong>sanguine</strong></span> <span class='ocrx_word' id='word_1_111' title='bbox 2189 1419 2258 1463; x_wconf 80' lang='lat' dir='ltr'><strong>se</strong></span> <span class='ocrx_word' id='word_1_112' title='bbox 2329 1396 2570 1465; x_wconf 80' lang='lat' dir='ltr'><strong>Judaei</strong></span> 
     </span>
     <span class='ocr_line' id='line_1_29' title="bbox 1436 1482 2572 1549; baseline 0 -2"><span class='ocrx_word' id='word_1_113' title='bbox 1436 1484 1820 1548; x_wconf 76' lang='lat' dir='ltr'><strong>contineant</strong></span> <span class='ocrx_word' id='word_1_114' title='bbox 1905 1483 2221 1548; x_wconf 83' lang='lat' dir='ltr'><strong>universi.</strong></span> <span class='ocrx_word' id='word_1_115' title='bbox 2309 1482 2444 1547; x_wconf 84' lang='lat' dir='ltr'><strong>Sed</strong></span> <span class='ocrx_word' id='word_1_116' title='bbox 2516 1486 2572 1549; x_wconf 86' lang='lat' dir='ltr'><strong>si</strong></span> 
     </span>
     <span class='ocr_line' id='line_1_30' title="bbox 1436 1567 2570 1656; baseline 0 -21"><span class='ocrx_word' id='word_1_117' title='bbox 1436 1567 1680 1656; x_wconf 84' lang='lat' dir='ltr'><strong>aliquis</strong></span> <span class='ocrx_word' id='word_1_118' title='bbox 1738 1568 2034 1635; x_wconf 82' lang='lat' dir='ltr'><strong>Judacus</strong></span> <span class='ocrx_word' id='word_1_119' title='bbox 2100 1570 2183 1634; x_wconf 90' lang='lat' dir='ltr'><strong>de</strong></span> <span class='ocrx_word' id='word_1_120' title='bbox 2244 1570 2570 1635; x_wconf 88' lang='lat' dir='ltr'><strong>occisione</strong></span> 
     </span>
     <span class='ocr_line' id='line_1_31' title="bbox 1444 1654 2569 1743; baseline 0.003 -24"><span class='ocrx_word' id='word_1_121' title='bbox 1444 1654 1729 1743; x_wconf 82' lang='lat' dir='ltr'><strong>alicujus</strong></span> <span class='ocrx_word' id='word_1_122' title='bbox 1787 1656 1974 1743; x_wconf 82' lang='lat' dir='ltr'><strong>pueri</strong></span> <span class='ocrx_word' id='word_1_123' title='bbox 2051 1654 2391 1721; x_wconf 81' lang='lat' dir='ltr'><strong>christiani</strong></span> <span class='ocrx_word' id='word_1_124' title='bbox 2447 1678 2569 1743; x_wconf 85' lang='lat' dir='ltr'><strong>per</strong></span> 
     </span>
     <span class='ocr_line' id='line_1_32' title="bbox 1433 1740 2566 1829; baseline 0.001 -24"><span class='ocrx_word' id='word_1_125' title='bbox 1433 1741 1860 1807; x_wconf 83' lang='lat' dir='ltr'><strong>christianum</strong></span> <span class='ocrx_word' id='word_1_126' title='bbox 1906 1742 2105 1807; x_wconf 87' lang='lat' dir='ltr'><strong>fuerit</strong></span> <span class='ocrx_word' id='word_1_127' title='bbox 2162 1740 2566 1829; x_wconf 78' lang='lat' dir='ltr'><strong>inculpatus,</strong></span> 
     </span>
     <span class='ocr_line' id='line_1_33' title="bbox 1434 1826 2565 1902; baseline 0.001 -9"><span class='ocrx_word' id='word_1_128' title='bbox 1434 1827 1646 1893; x_wconf 82' lang='lat' dir='ltr'><strong>tribus</strong></span> <span class='ocrx_word' id='word_1_129' title='bbox 1720 1826 2092 1902; x_wconf 74' lang='lat' dir='ltr'><strong>christianis</strong></span> <span class='ocrx_word' id='word_1_130' title='bbox 2163 1836 2229 1893; x_wconf 88' lang='lat' dir='ltr'><strong>et</strong></span> <span class='ocrx_word' id='word_1_131' title='bbox 2285 1828 2565 1895; x_wconf 87' lang='lat' dir='ltr'><strong>totidem</strong></span> 
     </span>
     <span class='ocr_line' id='line_1_34' title="bbox 1433 1912 2566 1998; baseline 0.003 -20"><span class='ocrx_word' id='word_1_132' title='bbox 1433 1912 1708 1979; x_wconf 80' lang='lat' dir='ltr'><strong>Judaeis</strong></span> <span class='ocrx_word' id='word_1_133' title='bbox 1789 1915 2095 1980; x_wconf 83' lang='lat' dir='ltr'><strong>convinci</strong></span> <span class='ocrx_word' id='word_1_134' title='bbox 2177 1913 2407 1998; x_wconf 88' lang='lat' dir='ltr'><strong>debet;</strong></span> <span class='ocrx_word' id='word_1_135' title='bbox 2499 1923 2566 1981; x_wconf 85' lang='lat' dir='ltr'><strong>et</strong></span> 
     </span>
     <span class='ocr_line' id='line_1_35' title="bbox 1431 2000 2568 2087; baseline 0.002 -22"><span class='ocrx_word' id='word_1_136' title='bbox 1431 2008 1778 2087; x_wconf 74' lang='lat' dir='ltr'><strong>postquam</strong></span> <span class='ocrx_word' id='word_1_137' title='bbox 1795 2000 2139 2067; x_wconf 82' lang='lat' dir='ltr'><strong>convictus</strong></span> <span class='ocrx_word' id='word_1_138' title='bbox 2153 2000 2372 2081; x_wconf 83' lang='lat' dir='ltr'><strong>fuerit,</strong></span> <span class='ocrx_word' id='word_1_139' title='bbox 2405 2010 2568 2067; x_wconf 87' lang='lat' dir='ltr'><strong>tunc</strong></span> 
     </span>
     <span class='ocr_line' id='line_1_36' title="bbox 1430 2086 2568 2174; baseline 0.001 -23"><span class='ocrx_word' id='word_1_140' title='bbox 1430 2086 1575 2174; x_wconf 80' lang='lat' dir='ltr'><strong>ipse</strong></span> <span class='ocrx_word' id='word_1_141' title='bbox 1615 2086 1912 2153; x_wconf 80' lang='lat' dir='ltr'><strong>Judaeus</strong></span> <span class='ocrx_word' id='word_1_142' title='bbox 1941 2086 2394 2152; x_wconf 87' lang='lat' dir='ltr'><strong>tantummodo</strong></span> <span class='ocrx_word' id='word_1_143' title='bbox 2415 2106 2568 2172; x_wconf 87' lang='lat' dir='ltr'><strong>poe·</strong></span> 
     </span>
     <span class='ocr_line' id='line_1_37' title="bbox 1431 2172 2572 2259; baseline 0 -22"><span class='ocrx_word' id='word_1_144' title='bbox 1431 2193 1522 2238; x_wconf 87' lang='lat' dir='ltr'><strong>na</strong></span> <span class='ocrx_word' id='word_1_145' title='bbox 1601 2193 1771 2259; x_wconf 81' lang='lat' dir='ltr'><strong>quae</strong></span> <span class='ocrx_word' id='word_1_146' title='bbox 1849 2172 2173 2259; x_wconf 81' lang='lat' dir='ltr'><strong>sequitur,</strong></span> <span class='ocrx_word' id='word_1_147' title='bbox 2253 2173 2572 2259; x_wconf 83' lang='lat' dir='ltr'><strong>puniatur</strong></span> 
     </span>
     <span class='ocr_line' id='line_1_38' title="bbox 1434 2258 2568 2346; baseline 0.001 -24"><span class='ocrx_word' id='word_1_148' title='bbox 1434 2260 1708 2324; x_wconf 88' lang='lat' dir='ltr'><strong>crimine</strong></span> <span class='ocrx_word' id='word_1_149' title='bbox 1750 2280 1870 2346; x_wconf 84' lang='lat' dir='ltr'><strong>pro</strong></span> <span class='ocrx_word' id='word_1_150' title='bbox 1906 2258 2284 2342; x_wconf 79' lang='lat' dir='ltr'><strong>commiss03</strong></span> <span class='ocrx_word' id='word_1_151' title='bbox 2327 2259 2383 2323; x_wconf 82' lang='lat' dir='ltr'><strong>si</strong></span> <span class='ocrx_word' id='word_1_152' title='bbox 2407 2278 2568 2324; x_wconf 81' lang='lat' dir='ltr'><strong>vero</strong></span> 
     </span>
     <span class='ocr_line' id='line_1_39' title="bbox 1431 2345 2565 2433; baseline 0 -23"><span class='ocrx_word' id='word_1_153' title='bbox 1431 2346 1649 2433; x_wconf 77' lang='lat' dir='ltr'><strong>ipsum</strong></span> <span class='ocrx_word' id='word_1_154' title='bbox 1693 2352 1895 2410; x_wconf 82' lang='lat' dir='ltr'><strong>testes</strong></span> <span class='ocrx_word' id='word_1_155' title='bbox 1937 2345 2295 2432; x_wconf 70' lang='lat' dir='ltr'><strong>supradicti</strong></span> <span class='ocrx_word' id='word_1_156' title='bbox 2340 2354 2407 2410; x_wconf 84' lang='lat' dir='ltr'><strong>et</strong></span> <span class='ocrx_word' id='word_1_157' title='bbox 2444 2366 2565 2410; x_wconf 81' lang='lat' dir='ltr'><strong>sua</strong></span> 
     </span>
     <span class='ocr_line' id='line_1_40' title="bbox 1429 2431 2563 2517; baseline -0.001 -21"><span class='ocrx_word' id='word_1_158' title='bbox 1429 2431 1812 2497; x_wconf 81' lang='lat' dir='ltr'><strong>innocentia</strong></span> <span class='ocrx_word' id='word_1_159' title='bbox 1835 2432 2250 2517; x_wconf 81' lang='lat' dir='ltr'><strong>expurgabit,</strong></span> <span class='ocrx_word' id='word_1_160' title='bbox 2280 2451 2563 2517; x_wconf 85' lang='lat' dir='ltr'><strong>poenam</strong></span> 
     </span>
     <span class='ocr_line' id='line_1_41' title="bbox 1429 2514 2564 2605; baseline 0.001 -23"><span class='ocrx_word' id='word_1_161' title='bbox 1429 2517 1826 2583; x_wconf 76' lang='lat' dir='ltr'><strong>christianus</strong></span> <span class='ocrx_word' id='word_1_162' title='bbox 1870 2539 2068 2604; x_wconf 86' lang='lat' dir='ltr'><strong>quam</strong></span> <span class='ocrx_word' id='word_1_163' title='bbox 2109 2514 2404 2583; x_wconf 77' lang='lat' dir='ltr'><strong>Judaeus</strong></span> <span class='ocrx_word' id='word_1_164' title='bbox 2425 2518 2564 2605; x_wconf 80' lang='lat' dir='ltr'><strong>pati</strong></span> 
     </span>
     <span class='ocr_line' id='line_1_42' title="bbox 1430 2602 2562 2687; baseline 0.002 -18"><span class='ocrx_word' id='word_1_165' title='bbox 1430 2602 1784 2687; x_wconf 83' lang='lat' dir='ltr'><strong>debuerat,</strong></span> <span class='ocrx_word' id='word_1_166' title='bbox 1842 2625 1976 2669; x_wconf 92' lang='lat' dir='ltr'><strong>non</strong></span> <span class='ocrx_word' id='word_1_167' title='bbox 2053 2604 2383 2670; x_wconf 85' lang='lat' dir='ltr'><strong>immerito</strong></span> <span class='ocrx_word' id='word_1_168' title='bbox 2456 2625 2562 2671; x_wconf 76' lang='lat' dir='ltr'><strong>su·</strong></span> 
     </span>
     <span class='ocr_line' id='line_1_43' title="bbox 1428 2689 2384 2757; baseline 0 -2"><span class='ocrx_word' id='word_1_169' title='bbox 1428 2689 1718 2757; x_wconf 72' lang='lat' dir='ltr'><strong>sfinebit.</strong></span> <span class='ocrx_word' id='word_1_170' title='bbox 2379 2698 2384 2701; x_wconf 83' lang='lat'>&#39;</span> 
     </span>
    </p>
   </div>
   <div class='ocr_carea' id='block_1_6' title="bbox 1418 2861 2560 4415">
    <p class='ocr_par' dir='ltr' id='par_1_9' title="bbox 1418 2861 2560 3377">
     <span class='ocr_line' id='line_1_44' title="bbox 1596 2861 2560 2945; baseline -0.004 -15"><span class='ocrx_word' id='word_1_171' title='bbox 1596 2866 1656 2945; x_wconf 66' lang='grc' dir='ltr'><strong>ἓ.</strong></span> <span class='ocrx_word' id='word_1_172' title='bbox 1703 2867 1805 2929; x_wconf 85' lang='grc'><strong>32.</strong></span> <span class='ocrx_word' id='word_1_173' title='bbox 1850 2861 2018 2927; x_wconf 85' lang='lat' dir='ltr'><strong>Item</strong></span> <span class='ocrx_word' id='word_1_174' title='bbox 2063 2862 2426 2935; x_wconf 81' lang='lat' dir='ltr'><strong>statuimus,</strong></span> <span class='ocrx_word' id='word_1_175' title='bbox 2487 2869 2560 2926; x_wconf 87' lang='lat' dir='ltr'><strong>ut</strong></span> 
     </span>
     <span class='ocr_line' id='line_1_45' title="bbox 1424 2946 2560 3036; baseline -0.004 -21"><span class='ocrx_word' id='word_1_176' title='bbox 1424 2949 1767 3036; x_wconf 80' lang='lat' dir='ltr'><strong>quecquid</strong></span> <span class='ocrx_word' id='word_1_177' title='bbox 1810 2946 2104 3013; x_wconf 81' lang='lat' dir='ltr'><strong>Judaeus</strong></span> <span class='ocrx_word' id='word_1_178' title='bbox 2135 2948 2560 3023; x_wconf 81' lang='lat' dir='ltr'><strong>mutuaverit,</strong></span> 
     </span>
     <span class='ocr_line' id='line_1_46' title="bbox 1422 3032 2558 3114; baseline -0.003 -14"><span class='ocrx_word' id='word_1_179' title='bbox 1422 3036 1567 3101; x_wconf 86' lang='lat' dir='ltr'><strong>sive</strong></span> <span class='ocrx_word' id='word_1_180' title='bbox 1613 3057 1845 3102; x_wconf 86' lang='lat' dir='ltr'><strong>aurum</strong></span> <span class='ocrx_word' id='word_1_181' title='bbox 1889 3033 2104 3114; x_wconf 86' lang='lat' dir='ltr'><strong>fuerit,</strong></span> <span class='ocrx_word' id='word_1_182' title='bbox 2151 3032 2403 3098; x_wconf 86' lang='lat' dir='ltr'><strong>denarii</strong></span> <span class='ocrx_word' id='word_1_183' title='bbox 2452 3032 2558 3097; x_wconf 87' lang='lat' dir='ltr'><strong>vel</strong></span> 
     </span>
     <span class='ocr_line' id='line_1_47' title="bbox 1420 3117 2552 3205; baseline -0.003 -18"><span class='ocrx_word' id='word_1_184' title='bbox 1420 3144 1497 3187; x_wconf 84' lang='lat' dir='ltr'><strong>ar</strong></span> <span class='ocrx_word' id='word_1_185' title='bbox 1543 3130 1805 3190; x_wconf 82' lang='lat' dir='ltr'><strong>cutum:</strong></span> <span class='ocrx_word' id='word_1_186' title='bbox 1867 3121 2040 3186; x_wconf 88' lang='lat' dir='ltr'><strong>idem</strong></span> <span class='ocrx_word' id='word_1_187' title='bbox 2085 3119 2212 3205; x_wconf 87' lang='lat' dir='ltr'><strong>ipsi</strong></span> <span class='ocrx_word' id='word_1_188' title='bbox 2272 3117 2440 3184; x_wconf 82' lang='lat' dir='ltr'><strong>solvi</strong></span> <span class='ocrx_word' id='word_1_189' title='bbox 2485 3127 2552 3184; x_wconf 86' lang='lat' dir='ltr'><strong>et</strong></span> 
     </span>
     <span class='ocr_line' id='line_1_48' title="bbox 1418 3205 2556 3274; baseline -0.003 0"><span class='ocrx_word' id='word_1_190' title='bbox 1418 3230 1491 3274; x_wconf 86' lang='lat' dir='ltr'><strong>re</strong></span> <span class='ocrx_word' id='word_1_191' title='bbox 1540 3208 1606 3273; x_wconf 90' lang='lat' dir='ltr'><strong>di</strong></span> <span class='ocrx_word' id='word_1_192' title='bbox 1668 3205 1905 3272; x_wconf 81' lang='lat' dir='ltr'><strong>debeat</strong></span> <span class='ocrx_word' id='word_1_193' title='bbox 1977 3226 2124 3270; x_wconf 90' lang='lat' dir='ltr'><strong>cum</strong></span> <span class='ocrx_word' id='word_1_194' title='bbox 2197 3226 2402 3271; x_wconf 84' lang='lat' dir='ltr'><strong>usura</strong></span> <span class='ocrx_word' id='word_1_195' title='bbox 2446 3205 2556 3271; x_wconf 89' lang='lat' dir='ltr'><strong>de·</strong></span> 
     </span>
     <span class='ocr_line' id='line_1_49' title="bbox 1422 3292 2179 3377; baseline -0.008 -17"><span class='ocrx_word' id='word_1_196' title='bbox 1422 3296 1584 3377; x_wconf 82' lang='lat' dir='ltr'><strong>bita,</strong></span> <span class='ocrx_word' id='word_1_197' title='bbox 1675 3314 1800 3357; x_wconf 86' lang='lat' dir='ltr'><strong>uae</strong></span> <span class='ocrx_word' id='word_1_198' title='bbox 1846 3292 2179 3356; x_wconf 82' lang='lat' dir='ltr'><strong>accrescit.</strong></span> 
     </span>
    </p>

    <p class='ocr_par' dir='ltr' id='par_1_10' title="bbox 1418 3376 2554 4415">
     <span class='ocr_line' id='line_1_50' title="bbox 1595 3376 2554 3467; baseline -0.002 -25"><span class='ocrx_word' id='word_1_199' title='bbox 1595 3379 1624 3467; x_wconf 94' lang='lat'>(</span> <span class='ocrx_word' id='word_1_200' title='bbox 1687 3403 1741 3445; x_wconf 82' lang='lat' dir='ltr'><strong>r.</strong></span> <span class='ocrx_word' id='word_1_201' title='bbox 1767 3383 1826 3462; x_wconf 69' lang='grc' dir='ltr'><strong>ξ.</strong></span> <span class='ocrx_word' id='word_1_202' title='bbox 1852 3383 1953 3445; x_wconf 85' lang='grc'><strong>33.</strong></span> <span class='ocrx_word' id='word_1_203' title='bbox 1998 3376 2237 3442; x_wconf 83' lang='lat' dir='ltr'><strong>Nullus</strong></span> <span class='ocrx_word' id='word_1_204' title='bbox 2257 3376 2554 3441; x_wconf 84' lang='lat' dir='ltr'><strong>Judaeus</strong></span> 
     </span>
     <span class='ocr_line' id='line_1_51' title="bbox 1424 3463 2552 3533; baseline -0.004 -2"><span class='ocrx_word' id='word_1_205' title='bbox 1424 3488 1675 3533; x_wconf 86' lang='lat' dir='ltr'><strong>moram</strong></span> <span class='ocrx_word' id='word_1_206' title='bbox 1720 3463 1986 3530; x_wconf 87' lang='lat' dir='ltr'><strong>trahens</strong></span> <span class='ocrx_word' id='word_1_207' title='bbox 2017 3465 2086 3528; x_wconf 89' lang='lat' dir='ltr'><strong>in</strong></span> <span class='ocrx_word' id='word_1_208' title='bbox 2109 3463 2375 3529; x_wconf 84' lang='lat' dir='ltr'><strong>civitate</strong></span> <span class='ocrx_word' id='word_1_209' title='bbox 2389 3464 2552 3527; x_wconf 89' lang='lat' dir='ltr'><strong>Bru·</strong></span> 
     </span>
     <span class='ocr_line' id='line_1_52' title="bbox 1422 3550 2554 3652; baseline -0.006 -33"><span class='ocrx_word' id='word_1_210' title='bbox 1422 3554 1617 3619; x_wconf 68' lang='lat' dir='ltr'><strong>nenti</strong></span> <span class='ocrx_word' id='word_1_211' title='bbox 1663 3553 1901 3652; x_wconf 69' lang='lat' dir='ltr'><strong>pignus</strong></span> <span class='ocrx_word' id='word_1_212' title='bbox 1944 3550 2380 3651; x_wconf 72' lang='lat' dir='ltr'><strong>quodcunque</strong></span> <span class='ocrx_word' id='word_1_213' title='bbox 2405 3556 2554 3650; x_wconf 68' lang='lat' dir='ltr'><strong>post</strong></span> 
     </span>
     <span class='ocr_line' id='line_1_53' title="bbox 1421 3636 2550 3811; baseline -0.006 -21"><span class='ocrx_word' id='word_1_214' title='bbox 1421 3636 2550 3811; x_wconf 52' lang='lat' dir='ltr'><strong>ssfiizzssssuz?¹¹303.⁹22‘1⁰¹3¹;„33:,</strong></span> 
     </span>
     <span class='ocr_line' id='line_1_54' title="bbox 1419 3805 2552 3897; baseline -0.006 -20"><span class='ocrx_word' id='word_1_215' title='bbox 1419 3812 1738 3897; x_wconf 66' lang='lat' dir='ltr'><strong>recipiat,</strong></span> <span class='ocrx_word' id='word_1_216' title='bbox 1782 3810 1978 3874; x_wconf 86' lang='lat' dir='ltr'><strong>etiam</strong></span> <span class='ocrx_word' id='word_1_217' title='bbox 2025 3809 2105 3873; x_wconf 89' lang='lat' dir='ltr'><strong>de</strong></span> <span class='ocrx_word' id='word_1_218' title='bbox 2150 3808 2257 3872; x_wconf 87' lang='lat' dir='ltr'><strong>die</strong></span> <span class='ocrx_word' id='word_1_219' title='bbox 2300 3828 2424 3872; x_wconf 87' lang='lat' dir='ltr'><strong>nec</strong></span> <span class='ocrx_word' id='word_1_220' title='bbox 2469 3805 2552 3871; x_wconf 87' lang='lat' dir='ltr'><strong>de</strong></span> 
     </span>
     <span class='ocr_line' id='line_1_55' title="bbox 1418 3891 2550 4067; baseline -0.005 -19"><span class='ocrx_word' id='word_1_221' title='bbox 1418 3901 1566 4049; x_wconf 62' lang='lat'><strong>:32¹2</strong></span> <span class='ocrx_word' id='word_1_222' title='bbox 1576 3895 1718 4048; x_wconf 60' lang='lat'><strong>‘212&#39;</strong></span> <span class='ocrx_word' id='word_1_223' title='bbox 1720 3891 2550 4067; x_wconf 48' lang='lat' dir='ltr'><strong>‘&#39;bzsszutfflssszpssa‘ss‘ssff</strong></span> 
     </span>
     <span class='ocr_line' id='line_1_56' title="bbox 1418 4064 2548 4149; baseline -0.003 -15"><span class='ocrx_word' id='word_1_224' title='bbox 1418 4070 1762 4135; x_wconf 81' lang='lat' dir='ltr'><strong>tractionis</strong></span> <span class='ocrx_word' id='word_1_225' title='bbox 1854 4068 2106 4149; x_wconf 84' lang='lat' dir='ltr'><strong>abetur,</strong></span> <span class='ocrx_word' id='word_1_226' title='bbox 2152 4088 2222 4132; x_wconf 88' lang='lat' dir='ltr'><strong>se</strong></span> <span class='ocrx_word' id='word_1_227' title='bbox 2267 4064 2548 4131; x_wconf 86' lang='lat' dir='ltr'><strong>nullate-</strong></span> 
     </span>
     <span class='ocr_line' id='line_1_57' title="bbox 1418 4150 2537 4235; baseline -0.005 -14"><span class='ocrx_word' id='word_1_228' title='bbox 1418 4178 1543 4221; x_wconf 88' lang='lat' dir='ltr'><strong>nus</strong></span> <span class='ocrx_word' id='word_1_229' title='bbox 1588 4156 1996 4235; x_wconf 84' lang='lat' dir='ltr'><strong>intromittat‚</strong></span> <span class='ocrx_word' id='word_1_230' title='bbox 2040 4155 2164 4218; x_wconf 87' lang='lat' dir='ltr'><strong>nisi</strong></span> <span class='ocrx_word' id='word_1_231' title='bbox 2205 4152 2328 4217; x_wconf 76' lang='lat' dir='ltr'><strong>sub</strong></span> <span class='ocrx_word' id='word_1_232' title='bbox 2374 4150 2537 4216; x_wconf 89' lang='lat' dir='ltr'><strong>duo-</strong></span> 
     </span>
     <span class='ocr_line' id='line_1_58' title="bbox 1420 4237 2540 4323; baseline -0.005 -15"><span class='ocrx_word' id='word_1_233' title='bbox 1420 4265 1563 4308; x_wconf 87' lang='lat' dir='ltr'><strong>rum</strong></span> <span class='ocrx_word' id='word_1_234' title='bbox 1641 4240 1922 4307; x_wconf 81' lang='lat' dir='ltr'><strong>civitatis</strong></span> <span class='ocrx_word' id='word_1_235' title='bbox 2008 4239 2381 4307; x_wconf 86' lang='lat' dir='ltr'><strong>testimonio</strong></span> <span class='ocrx_word' id='word_1_236' title='bbox 2433 4237 2540 4323; x_wconf 88' lang='lat' dir='ltr'><strong>ju·</strong></span> 
     </span>
     <span class='ocr_line' id='line_1_59' title="bbox 1418 4327 2460 4415; baseline -0.007 -20"><span class='ocrx_word' id='word_1_237' title='bbox 1418 4327 1760 4415; x_wconf 87' lang='lat' dir='ltr'><strong>ratorum.)</strong></span> <span class='ocrx_word' id='word_1_238' title='bbox 2457 4356 2460 4361; x_wconf 95' lang='lat'>·</span> 
     </span>
    </p>
   </div>
  </div>
 </body>
</html>
