3150 5017
1543 330 2016 417 ...205-

762 508 865 573 61.
888 510 948 591 ξ.
996 514 1055 573 1.
1082 506 1463 590 Statuimus,
1506 515 1581 573 ut
1625 507 1706 573 de
1751 503 2054 572 omnibus
2209 506 2266 571 is
2311 504 2698 571 mensuratis
2753 502 2922 589 perti·

594 592 907 659 nentibus
950 592 1034 659 ad
1079 602 1368 659 nostram
1416 594 1774 676 civitatem,
1835 593 1918 659 de
1964 592 2142 680 quoli
2193 603 2258 659 et
2301 590 2492 657 laneo
2535 590 2723 657 nobis
2761 589 2923 655 dimi-

592 680 700 746 dia
740 702 965 747 marca
1055 682 1158 747 uri
1204 682 1460 765 argenti
1506 702 1627 769 pro
1672 702 1874 747 censu
1917 679 2351 767 persolvatur.
2439 678 2555 745 Hii
2603 698 2754 743 vero
2794 681 2922 741 sunt

590 767 731 853 agri
775 768 886 853 qui
946 790 987 833 a
1091 768 1370 834 eandem
1444 776 1736 833 nostram
1811 768 2140 854 pertinent
2215 767 2570 849 civitatem,
2645 763 2924 831 videlicet

589 853 1051 937 Shenkeldorf,
1096 855 1600 937 Hrushenstein‚
1646 856 1831 921 curia
1871 853 2222 921 Wernheri
2252 853 2519 935 ibidem,
2563 853 2746 917 curia
2769 849 2923 915 Han·

588 944 814 1007 manni
874 942 1043 1024 Rufi,
1103 944 1287 1007 curia
1344 941 1646 1007 Heinrici
1708 942 2100 1023 Bihusshen,
2178 942 2360 1007 curia
2417 939 2719 1019 Pabonis‚
2776 957 2930 1001 unus

592 1028 828 1093 laneus
871 1027 1257 1112 Eccehardi‚
1304 1029 1472 1096 alter
1530 1028 1841 1093 dimidius
1904 1028 2136 1093 laneus
2195 1025 2475 1092 Arnoldi
2523 1022 2930 1101 Ganchower,

588 1123 869 1265 {uatuor
910 1114 1083 1181 lanei
1121 1115 1468 1181 Wernheri
1513 1116 1706 1197 Etch,
1752 1116 1934 1180 curia
1978 1113 2273 1182 Ounradi
2319 1113 2476 1195 albi,
2523 1115 2664 1200 agri
2712 1110 2932 1177 domini

656 1200 961 1268 berhardi
1004 1204 1279 1289 antiqui,
1324 1205 1509 1268 curia
1552 1202 1843 1269 Conradi
1865 1201 2142 1267 Herstul
2189 1209 2256 1268 et
2278 1200 2440 1265 villa
2484 1202 2748 1266 nomine
2789 1198 2932 1281 Poy·

592 1310 714 1369 wa,
761 1290 943 1353 curia
987 1288 1337 1355 Wernheri
1382 1292 1452 1355 in
1495 1290 1821 1369 Wezzels,
1866 1300 1932 1353 et
1975 1290 2158 1356 curia
2193 1288 2471 1354 Beronis
2516 1286 2780 1369 ibidem,
2823 1284 2932 1349 Gro-

591 1374 895 1441 belsdorf
938 1396 1085 1442 cum
1133 1378 1310 1464 agris
1356 1375 1635 1460 Claritii,
1700 1375 1950 1442 scilicet
2008 1376 2457 1463 quartomedio
2517 1374 2710 1441 laneo
2755 1380 2815 1439 et
2855 1368 2930 1434 di-

593 1462 793 1529 midio
840 1463 1142 1549 quartali‚
1186 1472 1252 1527 et
1276 1465 1493 1529 curiae
1516 1462 1834 1529 Ulmanni
1858 1472 1922 1527 et
1959 1464 2226 1527 relictae
2268 1460 2633 1537 wilhelmi,
2684 1468 2749 1525 et
2791 1478 2934 1523 unus

592 1548 825 1615 laneus
870 1546 1203 1625 Lesshers‚
1265 1559 1357 1614 et.
1388 1552 1570 1615 curia
1627 1549 1932 1616 Reinoldi
1992 1552 2061 1615 in
2123 1548 2623 1636 Gerungestorf.
2711 1546 2824 1611 Isti
2881 1552 2932 1607 et

592 1658 819 1701 omnes
864 1638 1004 1721 agri
1050 1638 1409 1701 mensurati
1454 1645 1518 1702 et
1562 1658 1697 1701 non
1744 1638 2103 1703 mensurati
2149 1635 2236 1700 ad
2281 1644 2574 1701 nostram
2626 1636 2930 1700 civitatem

592 1724 994 1809 pertinentes
1038 1724 1106 1788 in
1152 1722 1459 1789 omnibus
1503 1723 1796 1789 collectis
1839 1733 1906 1790 et
1950 1723 2099 1792 aliis
2158 1724 2443 1789 servitiis
2487 1718 2929 1789 communibus

594 1810 885 1875 servient
929 1830 1077 1874 cum
1122 1811 1408 1876 civitate.

766 1916 869 1980 62.
917 1913 1198 2000 Insuper
1254 1936 1481 1979 omnes
1540 1916 1908 2001 piscaturas
1970 1916 2318 1979 statuimus
2380 1913 2672 1991 liberas,⁴
2703 1922 2768 1979 et
2821 1909 2936 1997 qui-

594 2022 881 2089 cumque
928 2022 1038 2067 eas
1081 2000 1311 2067 fecerit
1357 2000 1722 2084 censuales,
1769 2000 1981 2067 solvat
2024 2002 2151 2066 tria
2194 2000 2466 2067 talenta.

766 2106 867 2172 63.
915 2105 1264 2171 Praeterea
1346 2126 1573 2171 omnes
1633 2104 1806 2169 aliae
1881 2103 2277 2170 hereditates
2340 2105 2480 2171 sive
2539 2105 2609 2169 in
2680 2104 2935 2179 civitate,

595 2194 734 2259 sive
779 2201 968 2259 extra
1012 2194 1367 2273 civitatem,
1413 2213 1577 2279 quas
1671 2190 1962 2258 ossident
2006 2191 2208 2257 iidem
2231 2192 2408 2257 cives
2453 2192 2688 2271 nostri,
2730 2191 2800 2254 in
2843 2188 2934 2251 do-

596 2280 835 2362 mibus,
880 2278 1277 2345 molendinis
1322 2288 1387 2344 et
1434 2300 1617 2344 mace
1649 2278 1730 2344 lis
1775 2280 2070 2344 carnium
2098 2280 2236 2344 sive
2263 2279 2468 2363 panis,
2515 2280 2585 2341 in
2633 2274 2938 2363 apothecis

595 2367 968 2431 institarum
1014 2373 1081 2430 et
1123 2368 1195 2431 in
1240 2366 1420 2447 ortis,
1465 2365 1713 2432 liberae
1739 2367 1872 2431 sint
1915 2364 1999 2431 ab
2033 2366 2210 2431 omni
2234 2386 2458 2448 censu,
2503 2374 2934 2452 praeterquam

598 2475 747 2518 cum
788 2451 1109 2532 incumbit
1152 2454 1507 2517 necessitas
1537 2454 1789 2518 civitati
1832 2450 2197 2539 generalis;
2245 2462 2404 2517 tunc
2462 2450 2819 2517 secundum
2859 2456 2932 2513 ta-

596 2540 932 2605 xationem
967 2540 1337 2625 juratorum
1400 2538 1644 2605 debent
1702 2540 2053 2607 subvenire
2119 2540 2384 2606 civitati
2441 2540 2513 2602 in
2571 2537 2844 2603 collecta
2891 2538 2936 2597 et

598 2628 669 2691 in
714 2626 862 2691 aliis
908 2628 1194 2691 servitiis
1239 2636 1625 2713 opportune.

770 2730 873 2797 64.
922 2734 983 2813 ξ.
1006 2730 1061 2795 1.
1086 2729 1155 2795 Si
1180 2730 1327 2817 quis
1352 2728 1433 2795 de
1455 2729 1774 2795 militibus
1795 2739 1908 2794 aut
1951 2728 2034 2794 de
2060 2728 2310 2794 familia
2333 2736 2555 2793 nostra
2599 2723 2935 2803 excesserit,

598 2838 807 2905 usque
852 2818 937 2881 ad
980 2826 1272 2883 nostram
1332 2818 1767 2903 praesentiam
1817 2815 2204 2896 detineatur,
2251 2816 2406 2901 quia
2453 2814 2642 2881 salvo
2679 2816 2828 2902 jure
2858 2811 2936 2897 ju·

600 2907 762 2971 dicis
806 2904 1014 2969 nostri
1058 2904 1225 2969 tales
1332 2904 1722 2969 ersonaliter
1782 2902 2224 2968 mediantibus
2274 2904 2517 2987 juratis
2575 2902 2820 2969 nostris
2855 2917 2937 2962 vo-

600 2995 816 3058 lumus
830 2990 1153 3075 judicare.
1200 2994 1260 3073 §.
1330 3038 1346 3054 .
1370 2991 1459 3055 Et
1502 2993 1557 3059 si
1593 2990 1809 3077 judex
1828 2989 1934 3055 vel
1969 2990 2176 3077 jurati
2197 2990 2403 3055 nostri
2449 2997 2562 3058 aut
2607 2988 2842 3076 aliquis
2877 2982 2938 3047 de

606 3078 857 3144 familia
914 3088 1140 3144 nostra
1200 3078 1487 3143 offensus
1548 3087 1663 3143 aut
1724 3076 1943 3143 laesus
2011 3076 2117 3141 vel
2191 3078 2448 3144 occisus
2508 3076 2728 3155 fuerit,
2787 3071 2938 3139 salvo

596 3168 745 3252 jure
780 3162 1053 3251 judicis,
1100 3164 1541 3231 mediantibus
1559 3166 1798 3251 juratis
1821 3163 2258 3251 personaliter
2280 3162 2660 3247 hujusmodi
2707 3178 2940 3230 causam

604 3255 725 3318 rite
770 3251 1076 3318 volumus
1115 3252 1437 3337 judicare.

775 3358 878 3421 65.
926 3354 1269 3437 Volumus,
1331 3362 1403 3420 ut
1449 3354 1672 3419 nullus
1717 3353 2003 3440 aliquam
2053 3352 2476 3426 hereditatem
2523 3351 2726 3418 alicui
2767 3347 2944 3420 ecele-

603 3444 739 3509 siae
787 3442 1080 3508 conferat
1126 3465 1242 3529 pro
1288 3444 1547 3507 animae
1593 3463 1752 3507 suae
1796 3440 2104 3521 remedio,
2172 3441 2290 3505 sed
2355 3438 2570 3505 solum
2616 3439 2702 3509 de
2791 3458 2980 3521 romg

603 3531 687 3597 tis
733 3540 800 3595 et
844 3527 1199 3595 mobilibus
1244 3527 1443 3595 rebus
1488 3529 1625 3593 suis
1687 3529 2007 3613 unusquis
2057 3548 2139 3591 ue
2202 3534 2396 3613 prout
2453 3525 2642 3593 Deus
2701 3528 2757 3593 si
2801 3526 2822 3589 i
2862 3525 2941 3588 in·

603 3618 969 3705 spiraverit,
1012 3639 1131 3703 pro
1178 3615 1391 3681 salute
1434 3616 1693 3681 animae
1739 3635 1897 3679 suae
1943 3614 2024 3679 de
2073 3621 2182 3679 eat
2225 3612 2556 3679 ordinare.

773 3722 876 3787 66.
923 3724 982 3803 ξ.
1008 3722 1059 3786 1.
1082 3719 1495 3805 Quicumque
1519 3739 1792 3784 uxorem
1816 3739 2001 3783 suam
2025 3717 2382 3803 legitimam
2413 3717 2874 3783 contumaciter
2893 3720 2943 3777 et

604 3812 991 3875 innocenter
1036 3808 1175 3873 sine
1236 3828 1436 3872 causa
1480 3805 1778 3891 legitima
1835 3805 2301 3887 vulneraverit,
2349 3812 2462 3871 aut
2506 3805 2728 3891 aliquo
2771 3798 2935 3888 gravi

604 3894 801 3961 modo
846 3892 1111 3960 laeserit
1155 3904 1269 3960 aut
1292 3892 1645 3959 occiderit:
1692 3912 1911 3957 coram
1942 3890 2196 3977 judicio
2214 3891 2624 3978 judicabitur
2667 3886 2938 3957 seculari·

612 3986 671 4065 ξ.
695 3983 757 4047 2.
804 3980 874 4047 Si
912 3990 1133 4047 autem
1156 3990 1419 4068 propter
1442 3979 1726 4066 aliquem
1750 4000 2090 4044 excessum
2107 4000 2373 4064 gravem
2393 3986 2508 4043 aut
2530 3999 2790 4043 causam
2833 3973 2939 4041 evi¹

607 4068 889 4151 dentem,
950 4070 1117 4135 sicut
1177 4077 1275 4134 est
1348 4066 1712 4147 fornicatio,
1787 4064 2178 4131 adulterium
2255 4074 2320 4131 et
2377 4064 2506 4130 hiis
2569 4062 2824 4143 similia,
2884 4060 2934 4122 in

607 4155 981 4243 praedictos
1039 4155 1348 4221 articulos
1394 4156 1541 4241 quis
1585 4152 1909 4234 inciderit,
1946 4153 2199 4239 judicio
2236 4154 2572 4239 judicetur
2619 4144 2936 4239 spirituali.

778 4243 883 4307 67.
930 4242 999 4307 Si
1045 4244 1191 4329 quis
1249 4243 1577 4308 invenerit
1635 4260 1880 4305 novum
1943 4249 2249 4323 montem,
2333 4245 2784 4306 mensurentur
2839 4230 2938 4299 sibi

614 4338 864 4418 septem
911 4327 1086 4395 lanei
1133 4339 1197 4393 et
1242 4351 1327 4395 ex
1368 4338 1650 4414 utraque
1695 4336 1879 4412 parte
1924 4334 2341 4393 mensuretur
2386 4326 2650 4393 domino
2692 4324 2826 4411 regi
2866 4318 2934 4384 18·
