3150 5017
1183 328 1663 396 -109-

237 500 514 586 fregerit,
573 503 785 566 victus
831 499 1042 568 tribus
1084 502 1362 568 testibus

239 609 432 651 manu
455 587 704 654 carebit
745 588 852 654 vel
895 589 1174 656 redimet
1217 610 1362 653 eam

243 695 380 738 cum
402 674 754 756 Xmarcis;
787 683 850 740 et
876 676 930 740 si
956 676 1105 762 quis
1129 676 1360 741 eadem

243 761 340 825 die
356 760 650 848 gladium
683 764 1136 848 evaginaverit
1158 771 1222 828 et
1251 783 1361 827 ne·

242 849 470 912 minem
491 848 771 923 laeserit,
788 851 845 913 si
861 847 1070 914 tribus
1087 850 1362 926 testibus

239 935 438 998 victus
461 933 680 1017 fuerit,
704 957 955 1022 poenae
977 938 1174 1000 unius
1195 958 1364 1000 mar-

241 1043 348 1086 cae
404 1022 806 1108 subjacebit,
859 1021 1072 1108 judici
1147 1024 1217 1086 in
1285 1023 1356 1108 ll,

241 1129 448 1172 marca
489 1120 556 1173 et
590 1111 834 1194 juratis
879 1111 948 1174 in
999 1111 1072 1194 ll²
1107 1131 1357 1192 marca3

241 1196 290 1258 si
332 1205 548 1261 autem
597 1217 768 1260 unus
778 1199 1151 1282 juratorum
1184 1196 1362 1260 vide-

239 1282 332 1363 rit,
375 1284 717 1371 convictus
775 1285 901 1348 erit
957 1291 1022 1348 et
1085 1284 1364 1369 gratiam

239 1367 404 1433 illius
459 1371 758 1434 inveniet
816 1391 1010 1456 quem
1071 1370 1362 1452 offendit,

241 1457 396 1519 sicut
437 1465 675 1542 potest.
722 1460 782 1538 ξ.
829 1460 888 1522 2.
933 1456 1100 1522 Item
1125 1459 1178 1521 si
1217 1457 1364 1544 quis

239 1540 517 1626 gladium
581 1565 770 1608 suum
847 1564 1068 1608 coram
1125 1545 1365 1630 juratis

239 1629 334 1693 vel
375 1629 598 1716 aliquo
635 1630 1006 1716 juratorum
1053 1633 1360 1716 evagina-

240 1717 412 1799 verit,
470 1717 690 1783 solvat
737 1717 810 1802 ll2
881 1738 1203 1796 marcam3
1257 1718 1364 1804 ju-

242 1801 358 1868 dici
382 1803 620 1870 cedent
641 1803 811 1868 duae
836 1813 1056 1890 partes
1085 1813 1154 1870 et
1175 1805 1366 1869 tertia

230 1891 478 1975 juratis.
526 1895 588 1974 ξ.
610 1891 674 1956 3.
701 1890 772 1956 Si
799 1897 946 1977 quis
964 1913 1112 1956 eum
1137 1913 1364 1978 praea-

241 1985 378 2042 cuto
419 1977 645 2064 gladio
691 1977 996 2042 detentus
1038 1977 1250 2052 fuerit,
1295 1979 1366 2042 in

241 2083 446 2129 marca
489 2065 748 2150 argenti
795 2067 1104 2152 punietur
1141 2075 1206 2130 et
1227 2064 1364 2149 gla-

242 2149 372 2215 dius
405 2152 622 2237 judici
667 2151 1066 2230 remanebit3
1115 2153 1168 2216 si
1209 2173 1365 2216 vero

243 2235 468 2304 fuerint
512 2247 648 2304 tres
692 2237 917 2324 gladii,
964 2238 1096 2303 duo
1130 2239 1368 2303 cedent

233 2322 430 2408 judici
473 2334 540 2390 et
545 2327 790 2412 juratis
822 2346 1028 2404 unus;
1057 2327 1110 2389 si
1143 2334 1363 2390 autem

243 2415 594 2478 communis
640 2411 899 2498 gladius
961 2421 1110 2498 post
1166 2414 1363 2476 inter-

243 2496 473 2564 dictum
533 2499 716 2586 apud
791 2498 1076 2585 aliquem
1136 2500 1363 2563 inven-

243 2593 337 2650 tus
377 2585 592 2669 fuerit,
653 2585 766 2651 ille
824 2584 1244 2673 respondebit
1297 2588 1367 2649 in

251 2672 314 2756 ll,
377 2673 665 2753 fertone3
745 2674 796 2737 si
874 2683 1094 2738 autem
1177 2693 1365 2760 prae·-

243 2767 456 2825 acutus
501 2759 812 2825 cultellus
845 2758 1059 2842 fuerit,
1099 2780 1368 2846 respon-

245 2843 410 2911 debit
455 2847 525 2911 in
575 2845 846 2912 fertone.
911 2851 970 2929 ἓ.
1016 2847 1077 2911 4.
1134 2845 1205 2911 Si
1251 2845 1364 2910 ali-

243 2933 374 3016 quis
434 2954 692 3020 pauper
777 2934 1065 3020 aliquem
1136 2933 1366 2998 vulne-

245 3022 470 3084 raverit
513 3019 626 3086 vel
671 3020 954 3102 laeserit,
1008 3022 1115 3085 cui
1179 3021 1367 3085 satis·

241 3102 440 3172 facere
487 3130 622 3173 non
683 3108 956 3194 poterit,
1005 3129 1124 3172 sex
1169 3109 1366 3194 septi-

244 3195 438 3260 manis
481 3195 554 3260 in
601 3204 834 3260 trunco
881 3195 1210 3279 punietur.

399 3452 538 3524 LII.
559 3453 688 3543 (De
708 3456 1056 3542 aneuanc.)
1079 3459 1138 3538 ἓ.
1169 3455 1228 3520 1.
1255 3454 1360 3522 De

243 3538 374 3620 iure
415 3545 593 3628 quod
637 3541 877 3608 dicitur
929 3565 1033 3608 an
1059 3563 1094 3608 e
1115 3562 1219 3608 ua
1240 3564 1360 3626 nc,

239 3625 430 3775 jbudici
477 3629 716 3695 cedent
756 3629 889 3694 XII
959 3629 1213 3698 denarii
1281 3628 1362 3695 de

289 3734 400 3778 ove
445 3717 549 3782 vel
598 3716 680 3782 de
708 3737 932 3798 vacca,
965 3725 1032 3782 et
1077 3716 1158 3782 de
1205 3737 1362 3803 quo-

247 3795 392 3866 libet
418 3825 656 3889 pecore
679 3804 915 3869 minori
940 3813 1222 3890 quatuor
1253 3804 1363 3869 de-

251 3889 418 3965 narii,
463 3894 524 3974 5.
571 3891 632 3956 2.
695 3889 768 3958 Si
827 3891 1065 3978 aliquis
1123 3889 1364 3957 bovem

252 3971 346 4036 vel
398 3997 664 4042 vaccam
723 3978 832 4044 vel
909 3998 1180 4064 porcum
1253 3977 1364 4045 vel

253 4055 495 4146 aliquod
539 4065 752 4130 simile
773 4065 1000 4130 furtim
1038 4073 1363 4131 mactave-

254 4144 347 4225 rit,
386 4150 436 4214 si
465 4151 909 4238 deprehensus
932 4151 1128 4219 fuerit
1157 4159 1222 4219 et
1253 4151 1364 4217 da—

254 4238 438 4301 torem
482 4261 672 4304 suum
699 4250 1062 4309 monstrare
1087 4263 1218 4305 non
1297 4263 1363 4304 o·

255 4320 418 4387 terit:
481 4329 869 4394 met-tertius
915 4350 985 4394 se
1043 4347 1255 4415 purga
1300 4328 1370 4409 it>
1413 4391 1420 4396 ·

1468 503 1647 566 rensi
1690 499 2077 566 vulneribus
2124 501 2465 586 infregerit
2499 507 2611 565 aut

1468 588 1763 670 vulnere,
1808 593 2018 653 victus
2061 587 2273 652 tribus
2334 587 2610 653 testibus

1473 697 1675 740 manu
1740 676 2054 761 privetur,
2123 672 2246 738 'vel
2330 674 2612 740 redimat

1467 783 1614 826 eam
1645 783 1795 826 cum
1842 761 1908 824 X
1956 762 2229 844 marcis3
2278 767 2342 826 et
2382 761 2437 826 si
2462 762 2609 848 quis

1469 849 1699 914 eadem
1762 847 1871 912 die
1980 846 2225 912 ladium
2300 853 2608 934 evagina-

1471 937 1642 1000 verit
1685 934 1769 999 ad
1829 957 1939 999 ma
1966 955 2077 999 um
2139 934 2429 1016 alterius,
2490 934 2609 1000 sed

1467 1031 1689 1087 tamen
1732 1043 1868 1086 non
1913 1020 2152 1103 laedat,
2188 1043 2435 1107 poenae
2468 1023 2611 1086 uni-

1469 1131 1547 1174 us
1608 1130 1868 1174 marcae
1928 1107 2325 1195 subjacebit,
2398 1107 2611 1194 judici
2683 1183 2691 1198 ,

1469 1198 1538 1259 in
1587 1195 1857 1260 dimidia
1902 1217 2125 1260 marca
2168 1203 2239 1260 et
2247 1196 2489 1281 juratis
2514 1197 2608 1260 in-

1469 1281 1745 1348 dimidia
1790 1303 2042 1363 marca3
2091 1283 2155 1346 si.
2192 1291 2410 1348 autem
2436 1303 2607 1347 unus

1462 1374 1830 1449 jnratorum
1862 1367 2123 1450 viderit,
2164 1371 2611 1447 convincetur,

1469 1465 1536 1522 et
1662 1457 1863 1521 atiam
1898 1457 2042 1542 ejus
2064 1457 2359 1521 inveniet
2404 1476 2601 1541 quem

1469 1541 1574 1608 lae
1624 1564 1733 1607 ere
1805 1541 2031 1624 voluit,
2122 1543 2291 1607 sicut
2364 1552 2597 1628 potest.

1470 1634 1530 1712 ἕ.
1547 1631 1609 1694 2.
1646 1630 1811 1694 Item
1838 1630 2063 1716 siquis
2086 1629 2377 1715 gladium
2412 1651 2608 1695 suum

1469 1738 1693 1781 coram
1726 1717 1970 1803 juratis
2013 1717 2121 1780 vel
2168 1715 2389 1804 aliquo
2426 1718 2608 1803 jura-

1469 1815 1683 1869 torum
1728 1805 2246 1889 evaginaverint,
2274 1803 2491 1869 solvat
2514 1803 2607 1868 di-

1473 1891 1741 1954 midiam
1788 1910 2111 1971 marcam3
2138 1891 2348 1976 judici
2376 1889 2612 1956 cedent

1471 1976 1641 2041 duae
1660 1985 1879 2062 partes
1898 1987 1963 2041 et
1972 1977 2165 2041 tertia
2171 1977 2375 2062 jurati
2384 2000 2430 2040 ει.
2480 1979 2610 2058 §.3-

1469 2063 1540 2128 Si
1588 2065 1734 2149 quis
1780 2085 1927 2128 cum
1974 2064 2323 2128 interdicto
2378 2085 2605 2150 praea-

1469 2159 1623 2215 cuto
1667 2150 1888 2236 gladio
1934 2150 2237 2215 detentus
2282 2150 2499 2230 fuerit,
2538 2152 2609 2214 in

1470 2258 1693 2304 marca
1737 2239 2059 2324 punietur,
2106 2245 2173 2302 et
2214 2235 2474 2322 gladius
2498 2236 2613 2322 ju-

1471 2325 1602 2390 dici
1646 2323 2033 2403 remanebit3
2078 2324 2133 2388 si
2180 2345 2338 2389 vero
2364 2323 2612 2390 fuerint

1468 2421 1602 2476 tres
1646 2410 1870 2496 gladii,
1918 2409 2153 2475 cedent
2197 2410 2328 2476 duo
2370 2409 2605 2496 judici,

1469 2498 1701 2564 tertius
1736 2499 2015 2586 juratis3
2065 2500 2121 2562 si
2166 2507 2391 2564 autem
2438 2519 2608 2562 com-

1477 2586 1695 2650 munis
1740 2585 1999 2671 gladius
2020 2594 2171 2671 post
2192 2584 2616 2650 interdictum

1474 2671 1652 2759 apud
1697 2670 1982 2758 aliquem
2032 2672 2335 2737 detentus
2394 2671 2612 2754 fuerit,

1471 2758 1585 2824 ille
1630 2759 2053 2845 respondebit
2098 2759 2165 2822 in
2191 2757 2461 2823 dimidio
2491 2759 2617 2824 fer-

1473 2855 1663 2924 tone3
1725 2848 1780 2910 si
1840 2855 2233 2931 praeacutus
2300 2844 2610 2910 cultellus

1473 2931 1689 3014 fuerit,
1739 2931 2163 3012 respondebit
2216 2933 2285 2996 in
2330 2930 2606 2998 fertone.

1473 3021 1611 3103 §.4
1660 3020 1729 3084 Si
1754 3017 1991 3106 aliquis
2035 3040 2289 3106 pauper
2318 3017 2605 3105 aliquem

1474 3104 1921 3171 vulneraverit
1935 3116 2047 3171 aut
2074 3104 2355 3187 laeserit,
2374 3106 2479 3170 cui
2498 3127 2599 3170 sa-

1471 3193 1775 3258 tisfacere
1819 3216 1953 3258 non
1996 3193 2255 3280 poterit,
2302 3215 2423 3258 sex
2454 3215 2603 3281 sep·

1469 3281 1739 3346 timanis
1784 3281 1853 3344 in
1896 3291 2129 3346 trunco
2176 3279 2506 3366 punietur.

1647 3455 1790 3521 LII.
1803 3455 1899 3520 De
1918 3475 2209 3521 aneuanc
2212 3477 2530 3541 pecorum.
2551 3458 2614 3539 ξ.

1475 3547 1528 3608 1.
1547 3541 1620 3608 Si
1636 3543 1781 3631 quis
1808 3543 2075 3608 alterius
2092 3542 2324 3622 bovem
2344 3542 2451 3608 vel
2468 3565 2616 3610 vac·

1470 3651 1616 3695 cam
1660 3638 1775 3695 aut
1815 3639 2076 3694 taurum
2122 3651 2433 3715 magnum
2493 3632 2613 3695 im·-
2673 3639 2680 3646 ‘

1469 3718 1729 3804 petierit
1737 3717 1908 3803 jure,
1948 3716 2121 3803 quod
2150 3715 2386 3782 dicitur
2425 3739 2525 3782 an
2547 3739 2610 3783 e-

1469 3825 1512 3870 u
1523 3825 1617 3868 an
1630 3825 1684 3886 c,
1707 3801 1905 3868 'udici
1924 3803 2109 3870 dabit
2124 3803 2260 3868 XII
2278 3804 2609 3888 denarios3

1468 3892 1625 3956 item
1718 3911 1753 3954 e
1846 3889 2093 3956 uolibet
2114 3912 2317 3977 parvo
2334 3891 2605 3958 animali

1466 3977 1587 4043 IV.
1636 3982 1694 4060 §-
1723 3979 1781 4042 2.
1863 3987 1997 4042 tem
2042 3978 2097 4042 si
2144 3979 2291 4064 quis
2338 3978 2609 4066 aliquod

1469 4063 1713 4130 animal
1732 4086 2006 4151 parvum
2024 4063 2132 4128 vel
2150 4087 2461 4151 magnum
2482 4066 2611 4132 fur·

1468 4151 1586 4217 tim
1636 4152 2039 4234 mactaverit,
2067 4160 2132 4216 et
2165 4152 2611 4240 deprehensus

1479 4239 1773 4304 datorem
1830 4260 2022 4303 suum
2095 4240 2440 4308 ostendere
2501 4264 2611 4307 ne-

1478 4326 1779 4411 quiverit:
1827 4328 2225 4394 met-tertius
2282 4329 2352 4394 in
2420 4349 2613 4396 cruce
