3150 5017
1475 290 1911 355 ...42-

497 460 580 529 de
623 461 936 545 Parisius,
981 461 1222 527 notarii
1265 467 1332 528 et
1373 459 1589 527 fidelis
1613 461 1843 542 nostri,
1886 459 2082 527 scribi
2108 470 2179 525 et
2208 460 2393 529 bulla
2424 470 2651 530 nostra
2681 482 2895 535 aurea

497 547 810 633 jussimus
855 548 1264 629 communiri,
1308 568 1484 613 anno
1527 555 1597 612 et
1638 546 1997 613 indictione
2042 545 2447 633 subscriptis.

667 634 882 719 Hujus
923 636 1020 703 rei
1061 642 1262 701 astes
1307 642 1492 702 sunt:
1549 630 2105 719 Archiepiscopus
2150 632 2481 715 Barensis,
2528 634 2891 721 episcopus

491 718 938 802 Tridentinus,
984 742 1086 804 ep.
1132 717 1556 799 Basiliensis,
1602 740 1700 801 ep.
1748 718 2305 798 Constantiensis,
2364 740 2466 805 ep.
2514 718 2885 803 (hiriensis²

492 804 700 872 abbas
743 806 1096 891 Augensis,
1141 804 1348 871 abbas
1395 804 1622 872 Sancti
1648 803 1846 885 Galli,
1894 803 2103 871 abbas
2150 805 2233 871 de
2275 804 2650 887 Wiceburc,
2688 807 2883 871 Bert-

491 888 730 958 holdus
777 893 860 956 de
905 892 966 959 N
969 891 1162 979 ifphe,
1207 890 1448 975 regalis
1497 891 1717 955 curiae
1764 890 2209 975 prothonotari
2221 914 2316 975 us,
2362 913 2581 959 comes
2612 891 2889 960 ulricus

495 976 580 1044 def
625 976 938 1063 Chiburg,
981 996 1200 1046 comes
1243 975 1632 1061 Rudolphus
1680 976 1761 1041 de
1789 975 2305 1044 Habechesburc
2330 985 2397 1041 et
2436 977 2884 1062 landgravius

491 1062 579 1130 de
619 1062 895 1146 Alsatia,
941 1066 1209 1131 comites
1232 1061 1566 1129 Ludvicus
1610 1071 1677 1127 et
1716 1062 2141 1133 Hermannus
2187 1062 2274 1127 de
2300 1061 2614 1143 Froburc,
2652 1085 2881 1129 comes

493 1148 854 1216 warnerus
899 1149 980 1217 de
1023 1146 1447 1233 Hohenburc,
1493 1149 1829 1221 Arnoldus
1874 1149 2109 1213 nobilis
2156 1146 2237 1213 de
2282 1149 2503 1227 wart,
2548 1148 2880 1215 Rodulius

493 1234 854 1301 advocatus
899 1237 984 1304 de
1023 1234 1681 1321 Rapehteshiwilare,
1735 1234 1991 1301 'Albero
2035 1233 2119 1302 de
2162 1234 2510 1302 Taaehuse
2530 1282 2551 1317 ,
2614 1235 2869 1303 Roda-l-

499 1319 672 1407 phus
713 1322 796 1387 de
841 1322 1248 1388 Kamesberc
1290 1330 1356 1387 et
1399 1319 1516 1388 alii
1559 1342 1755 1406 quam
1802 1318 2044 1405 plures.
2178 1342 2185 1347 ·

663 1424 836 1489 Acta
879 1434 1030 1489 sunt
1088 1424 1252 1489 haec
1317 1444 1490 1487 anno
1535 1423 1929 1489 Dominicae
1990 1422 2473 1489 Incarnationis
2542 1422 2881 1491 MOCXH

475 1506 722 1575 'mense
765 1508 1189 1596 Septembris,
1238 1508 1426 1572 XVI.
1469 1507 1875 1591 Indictionis,
1918 1510 2109 1595 regni
2167 1530 2325 1575 vero
2372 1508 2623 1575 domini
2666 1512 2879 1577 nostri

489 1594 810 1660 Friderici
867 1596 1293 1661 illustrissimi
1355 1594 1805 1661 Romanorum
1862 1597 2273 1682 imperatoris
2333 1594 2527 1663 electi
2582 1604 2646 1663 et
2710 1618 2887 1663 scn-

500 1698 621 1767 per
660 1683 944 1765 augusti,
987 1682 1162 1767 regis
1208 1679 1475 1746 Siciliae
1514 1679 1669 1747 XV.

665 1782 915 1849 Datum
959 1783 1030 1847 in
1073 1782 1282 1847 nobili
1327 1784 1595 1851 civitate
1638 1782 1991 1849 Basiliensi
2036 1804 2155 1869 per
2196 1804 2431 1849 manus
2459 1784 2669 1851 Ulriei
2700 1784 2879 1851 vice-

494 1868 973 1955 prothonotarii
1019 1878 1208 1936 sexto
1250 1868 1593 1936 Kalendas
1636 1868 1943 1937 Octobris
1985 1870 2282 1939 feliciter.
2328 1870 2560 1938 Amen.

1642 2163 1749 2227 26.
1780 2166 1792 2173 ’

493 2298 827 2385 Donatio
853 2298 1291 2381 marchioni
1315 2297 1727 2382 moraviae
1770 2322 1821 2381 a,
1844 2299 2249 2385 Friderico
2291 2298 2389 2384 H.
2417 2300 2592 2407 imp.
2634 2300 2877 2383 faeta.

591 2441 594 2445 ’
1403 2436 1591 2505 1212.
1636 2438 1748 2503 26.
1790 2436 1969 2525 Sept·

695 2589 1042 2657 wladislaus,
1077 2592 1168 2658 qui
1204 2597 1258 2643 et
1293 2592 1560 2643 Henricus
1577 2628 1593 2655 ,
1630 2593 1869 2646 marchio
1904 2594 2175 2646 Mox-aviae
2190 2633 2205 2663 ,
2252 2598 2463 2661 propter
2508 2608 2608 2645 sua
2641 2593 2707 2645 de
2742 2594 2856 2644 Fri-

498 2660 674 2712 derico
707 2660 780 2711 H.
815 2662 1006 2711 merita
1042 2660 1246 2712 duobus
1280 2660 1510 2726 praediis
1547 2660 1783 2727 ejusdem
1815 2662 2066 2727 nominis,
2104 2662 2325 2715 Moci-an
2372 2669 2425 2715 et
2458 2664 2715 2728 Moeram,
2766 2662 2859 2713 do·

497 2734 656 2782 natus
691 2734 788 2793 est,
825 2744 964 2795 quae
996 2730 1090 2780 ubi
1120 2731 1230 2781 >sita
1263 2730 1476 2795 fuerint,
1510 2732 1801 2797 ignoratur.
2102 2732 2113 2741 ⁴

695 2800 912 2850 Litera
943 2799 1307 2865 autographae
1352 2800 1480 2851 olim
1525 2801 1589 2849 in
1622 2814 1743 2853 esce
1788 2800 2063 2853 Karistein
2104 2802 2205 2853 sub
2248 2800 2623 2867 inscriptione:
2676 2801 2859 2865 „Listy

491 2881 566 2919 na
600 2870 737 2919 aemi
771 2866 1088 2920 moravskti“
1150 2868 1609 2933 custodiebantur,
1657 2884 1801 2922 nunc
1845 2872 1903 2921 in
1950 2870 2167 2923 archivo
2214 2885 2261 2923 c.
2296 2885 2340 2921 r.
2374 2868 2551 2923 aulico
2588 2868 2861 2921 Vindobo-

495 2952 599 2989 nae
633 2942 993 2990 asservantur.
2036 2958 2047 2965 ·

659 3088 742 3155 In
787 3091 1054 3154 nomine
1099 3088 1378 3155 Sanctae
1422 3099 1487 3155 et
1529 3088 1909 3157 individuae
1952 3090 2325 3157 Trinitatis?
2355 3092 2593 3156 Amen.

661 3176 1055 3241 Fredericus
1081 3176 1308 3240 divina
1350 3176 1617 3242 favente
1664 3177 2009 3243 clementia
2031 3176 2475 3242 Romanorum
2504 3178 2865 3263 imperator

485 3260 732 3327 electus
776 3269 842 3326 et
899 3282 1156 3349 semper
1219 3272 1558 3348 augustus,
1620 3286 1739 3329 rex
1798 3262 2093 3347 Siciliae,
2124 3262 2400 3330 ducatus
2452 3262 2735 3349 Apuliae
2797 3270 2867 3337 et

487 3347 893 3433 principatus
940 3346 1226 3441 Capuae.
1836 3370 1844 3379 ·
2056 3356 2059 3359 ’

661 3432 830 3498 Cum
876 3430 1074 3499 decor
1115 3442 1182 3499 et
1225 3442 1514 3520 potestas
1557 3434 1827 3522 Imperii
1874 3444 2169 3500 nostrum
2236 3434 2669 3521 praecesserit
2734 3440 2863 3497 sta·

485 3528 644 3603 tum,
692 3517 964 3605 dignum
1007 3528 1226 3585 tamen
1273 3542 1352 3586 ac
1393 3522 1742 3587 honestum
1784 3520 2179 3586 arbitramur
2222 3522 2378 3603 fore,
2427 3534 2651 3586 eorum
2687 3520 2865 3585 votis

483 3606 750 3671 uberius
795 3605 1139 3689 acclinare,
1187 3627 1464 3692 quorum
1506 3604 1705 3671 fidem
1749 3628 1831 3681 ac
1876 3608 2292 3676 devotionem
2338 3606 2512 3671 circa
2552 3606 2864 3671 universa

481 3694 746 3779 negotia
787 3701 1013 3757 nostra
1057 3692 1500 3781 promovenda
1558 3696 1882 3779 integram
1941 3714 2020 3757 ac
2076 3692 2533 3759 inconvulsam
2594 3692 2860 3756 certiori

482 3780 892 3866 experientia
935 3778 1301 3845 didicimus.
1360 3778 1526 3843 Inde
1573 3788 1672 3844 est
1715 3777 1892 3865 quod
1934 3784 2055 3843 n'os
2100 3775 2518 3844 advertentes
2560 3785 2748 3863 grata
2791 3783 2865 3842 e‘t

531 3865 822 3931 raeclara
867 3864 1230 3933 devotionis
1291 3864 1448 3931 obse
1499 3866 1624 3941 uia,
1670 3876 1839 3952 quae
1899 3862 2226 3933 Heni-icus
2270 3864 2509 3930 nobilis
2567 3860 2859 3929 marchio

555 3952 834 4035 oraviae,
880 3953 1198 4018 hactenus
1240 3956 1375 4017 tam
1419 3952 1470 4017 fi
1515 3951 1703 4017 eliter
1764 3974 1961 4038 quam
2007 3952 2241 4017 devote
2286 3949 2475 4017 nobis
2534 3949 2858 4030 exhibuit,

479 4057 560 4101 ac
605 4038 801 4103 etiam
846 4037 1108 4105 domino
1153 4038 1470 4125 largiente
1513 4039 1584 4103 in
1628 4047 1825 4105 antea
1884 4047 1985 4103 est
2046 4038 2492 4120 exhibiturus,
2557 4037 2694 4102 suis
2762 4036 2851 4101 ad

480 4144 792 4211 praesens
815 4126 884 4189 in
909 4136 1224 4213 quantum
1271 4146 1615 4211 possumus
1659 4124 2057 4213 respondere
2102 4126 2440 4209 cupientes
2484 4120 2859 4209 obsequiis:

481 4214 708 4279 notum
751 4209 1025 4278 facimus
1067 4220 1203 4277 tam
1247 4210 1701 4299 praesentibus
1761 4216 1957 4298 quain
2014 4210 2083 4275 in
2145 4224 2381 4275 aevum
2426 4208 2857 4291 successuris,
