<?xml version="1.0" encoding="UTF-8"?>
<!DOCTYPE html PUBLIC "-//W3C//DTD XHTML 1.0 Transitional//EN"
    "http://www.w3.org/TR/xhtml1/DTD/xhtml1-transitional.dtd">
<html xmlns="http://www.w3.org/1999/xhtml" xml:lang="en" lang="en">
 <head>
  <title>
</title>
<meta http-equiv="Content-Type" content="text/html;charset=utf-8" />
  <meta name='ocr-system' content='tesseract 3.04.00' />
  <meta name='ocr-capabilities' content='ocr_page ocr_carea ocr_par ocr_line ocrx_word'/>
</head>
<body>
  <div class='ocr_page' id='page_1' title='image "./codexjurisbohem01unkngoog_0192.png"; bbox 0 0 3150 5017; ppageno 0'>
   <div class='ocr_carea' id='block_1_1' title="bbox 1526 262 2002 339">
    <p class='ocr_par' dir='ltr' id='par_1_1' title="bbox 1526 262 2002 339">
     <span class='ocr_line' id='line_1_1' title="bbox 1526 262 2002 339; baseline -0.002 -11"><span class='ocrx_word' id='word_1_1' title='bbox 1526 298 1636 339; x_wconf 62' lang='lat'>-—-,</span> <span class='ocrx_word' id='word_1_2' title='bbox 1705 262 1828 329; x_wconf 84' lang='lat'>182</span> <span class='ocrx_word' id='word_1_3' title='bbox 1915 298 2002 313; x_wconf 88' lang='lat'>-·</span> 
     </span>
    </p>
   </div>
   <div class='ocr_carea' id='block_1_2' title="bbox 575 426 2919 1111">
    <p class='ocr_par' dir='ltr' id='par_1_2' title="bbox 575 426 2916 692">
     <span class='ocr_line' id='line_1_2' title="bbox 575 426 2916 518; baseline -0.003 -17"><span class='ocrx_word' id='word_1_4' title='bbox 575 443 644 501; x_wconf 91' lang='lat' dir='ltr'>et</span> <span class='ocrx_word' id='word_1_5' title='bbox 687 426 836 500; x_wconf 85' lang='lat' dir='ltr'>cum</span> <span class='ocrx_word' id='word_1_6' title='bbox 881 434 1111 508; x_wconf 83' lang='lat' dir='ltr'>Chore,</span> <span class='ocrx_word' id='word_1_7' title='bbox 1155 434 1378 498; x_wconf 78' lang='lat' dir='ltr'>Datan</span> <span class='ocrx_word' id='word_1_8' title='bbox 1424 441 1491 499; x_wconf 86' lang='lat' dir='ltr'>et</span> <span class='ocrx_word' id='word_1_9' title='bbox 1530 432 1788 499; x_wconf 90' lang='lat' dir='ltr'>Abiron</span> <span class='ocrx_word' id='word_1_10' title='bbox 1831 433 2106 518; x_wconf 87' lang='lat' dir='ltr'>recipiat</span> <span class='ocrx_word' id='word_1_11' title='bbox 2151 433 2526 518; x_wconf 87' lang='lat' dir='ltr'>portionem,</span> <span class='ocrx_word' id='word_1_12' title='bbox 2571 432 2700 503; x_wconf 91' lang='lat' dir='ltr'>Dei</span> <span class='ocrx_word' id='word_1_13' title='bbox 2742 431 2916 494; x_wconf 89' lang='lat' dir='ltr'>omni-</span> 
     </span>
     <span class='ocr_line' id='line_1_3' title="bbox 576 517 2916 669; baseline -0.002 -84"><span class='ocrx_word' id='word_1_14' title='bbox 576 520 861 669; x_wconf 68' lang='lat' dir='ltr'>potentis</span> <span class='ocrx_word' id='word_1_15' title='bbox 920 528 985 585; x_wconf 90' lang='lat' dir='ltr'>et</span> <span class='ocrx_word' id='word_1_16' title='bbox 1040 519 1551 604; x_wconf 77' lang='lat' dir='ltr'>gloriosissimae</span> <span class='ocrx_word' id='word_1_17' title='bbox 1595 520 1890 605; x_wconf 77' lang='lat' dir='ltr'>Virginis</span> <span class='ocrx_word' id='word_1_18' title='bbox 1938 540 2018 583; x_wconf 84' lang='lat' dir='ltr'>ac</span> <span class='ocrx_word' id='word_1_19' title='bbox 2065 527 2442 584; x_wconf 90' lang='lat' dir='ltr'>sanctorum</span> <span class='ocrx_word' id='word_1_20' title='bbox 2485 520 2770 583; x_wconf 89' lang='lat' dir='ltr'>omnium</span> <span class='ocrx_word' id='word_1_21' title='bbox 2805 517 2916 581; x_wconf 85' lang='lat' dir='ltr'>suf-</span> 
     </span>
     <span class='ocr_line' id='line_1_4' title="bbox 604 605 1215 692; baseline -0.003 -21"><span class='ocrx_word' id='word_1_22' title='bbox 604 607 807 692; x_wconf 83' lang='lat' dir='ltr'>ragiis</span> <span class='ocrx_word' id='word_1_23' title='bbox 851 605 1215 671; x_wconf 87' lang='lat' dir='ltr'>destitutus.</span> 
     </span>
    </p>

    <p class='ocr_par' dir='ltr' id='par_1_3' title="bbox 576 690 2919 929">
     <span class='ocr_line' id='line_1_5' title="bbox 748 690 2914 779; baseline -0.003 -23"><span class='ocrx_word' id='word_1_24' title='bbox 748 692 829 756; x_wconf 91' lang='lat' dir='ltr'>In</span> <span class='ocrx_word' id='word_1_25' title='bbox 903 693 1093 779; x_wconf 86' lang='lat' dir='ltr'>cujus</span> <span class='ocrx_word' id='word_1_26' title='bbox 1169 692 1264 756; x_wconf 91' lang='lat' dir='ltr'>rei</span> <span class='ocrx_word' id='word_1_27' title='bbox 1338 692 1785 757; x_wconf 87' lang='lat' dir='ltr'>testimonium</span> <span class='ocrx_word' id='word_1_28' title='bbox 1844 699 1912 757; x_wconf 87' lang='lat' dir='ltr'>et</span> <span class='ocrx_word' id='word_1_29' title='bbox 1971 698 2356 777; x_wconf 89' lang='lat' dir='ltr'>perpetuam</span> <span class='ocrx_word' id='word_1_30' title='bbox 2421 690 2792 757; x_wconf 79' lang='lat' dir='ltr'>memoriam</span> <span class='ocrx_word' id='word_1_31' title='bbox 2852 708 2914 751; x_wconf 87' lang='lat' dir='ltr'>ac</span> 
     </span>
     <span class='ocr_line' id='line_1_6' title="bbox 578 774 2919 865; baseline -0.002 -25"><span class='ocrx_word' id='word_1_32' title='bbox 578 778 914 843; x_wconf 89' lang='lat' dir='ltr'>munimen</span> <span class='ocrx_word' id='word_1_33' title='bbox 963 785 1337 864; x_wconf 77' lang='lat' dir='ltr'><strong>praesentes</strong></span> <span class='ocrx_word' id='word_1_34' title='bbox 1380 778 1826 843; x_wconf 77' lang='lat' dir='ltr'>concessimus</span> <span class='ocrx_word' id='word_1_35' title='bbox 1871 776 2095 842; x_wconf 81' lang='lat' dir='ltr'>literas</span> <span class='ocrx_word' id='word_1_36' title='bbox 2141 775 2424 865; x_wconf 89' lang='lat' dir='ltr'>duplicis</span> <span class='ocrx_word' id='word_1_37' title='bbox 2482 774 2684 861; x_wconf 87' lang='lat' dir='ltr'>sigilli</span> <span class='ocrx_word' id='word_1_38' title='bbox 2745 774 2919 839; x_wconf 84' lang='lat' dir='ltr'>nostri</span> 
     </span>
     <span class='ocr_line' id='line_1_7' title="bbox 576 862 1345 929; baseline 0.001 -2"><span class='ocrx_word' id='word_1_39' title='bbox 576 864 939 929; x_wconf 79' lang='lat' dir='ltr'>munimine</span> <span class='ocrx_word' id='word_1_40' title='bbox 983 862 1345 929; x_wconf 86' lang='lat' dir='ltr'>roboratas.</span> 
     </span>
    </p>

    <p class='ocr_par' dir='ltr' id='par_1_4' title="bbox 576 946 2913 1111">
     <span class='ocr_line' id='line_1_8' title="bbox 746 946 2913 1033; baseline -0.003 -18"><span class='ocrx_word' id='word_1_41' title='bbox 746 949 994 1015; x_wconf 86' lang='lat' dir='ltr'>Datum</span> <span class='ocrx_word' id='word_1_42' title='bbox 1040 957 1105 1014; x_wconf 91' lang='lat' dir='ltr'>et</span> <span class='ocrx_word' id='word_1_43' title='bbox 1150 956 1367 1015; x_wconf 86' lang='lat' dir='ltr'>actum</span> <span class='ocrx_word' id='word_1_44' title='bbox 1413 949 1666 1033; x_wconf 83' lang='lat' dir='ltr'>Pragae</span> <span class='ocrx_word' id='word_1_45' title='bbox 1709 948 1906 1013; x_wconf 89' lang='lat' dir='ltr'>Anno</span> <span class='ocrx_word' id='word_1_46' title='bbox 1950 948 2222 1013; x_wconf 88' lang='lat' dir='ltr'>Domini</span> <span class='ocrx_word' id='word_1_47' title='bbox 2265 946 2725 1028; x_wconf 67' lang='lat' dir='ltr'>MOOLXXI„</span> <span class='ocrx_word' id='word_1_48' title='bbox 2767 964 2913 1010; x_wconf 87' lang='lat' dir='ltr'>coro-</span> 
     </span>
     <span class='ocr_line' id='line_1_9' title="bbox 576 1033 2272 1111; baseline -0.001 -9"><span class='ocrx_word' id='word_1_49' title='bbox 576 1036 863 1103; x_wconf 80' lang='lat' dir='ltr'>nationis</span> <span class='ocrx_word' id='word_1_50' title='bbox 908 1042 1172 1101; x_wconf 88' lang='lat' dir='ltr'>nostrae</span> <span class='ocrx_word' id='word_1_51' title='bbox 1215 1056 1390 1101; x_wconf 89' lang='lat' dir='ltr'>anno</span> <span class='ocrx_word' id='word_1_52' title='bbox 1436 1034 1708 1111; x_wconf 89' lang='lat' dir='ltr'>decimo,</span> <span class='ocrx_word' id='word_1_53' title='bbox 1753 1034 1844 1100; x_wconf 92' lang='grc' dir='ltr'>Π.</span> <span class='ocrx_word' id='word_1_54' title='bbox 1887 1034 2045 1100; x_wconf 85' lang='lat' dir='ltr'>Idus</span> <span class='ocrx_word' id='word_1_55' title='bbox 2087 1033 2272 1101; x_wconf 88' lang='lat' dir='ltr'>Julii.</span> 
     </span>
    </p>
   </div>
   <div class='ocr_carea' id='block_1_3' title="bbox 1610 1208 1904 1218">
    <p class='ocr_par' dir='ltr' id='par_1_5' title="bbox 1610 1208 1904 1218">
     <span class='ocr_line' id='line_1_10' title="bbox 1610 1208 1904 1218; baseline 0 0"><span class='ocrx_word' id='word_1_56' title='bbox 1610 1208 1904 1218; x_wconf 95' lang='lat' dir='ltr'> </span> 
     </span>
    </p>
   </div>
   <div class='ocr_carea' id='block_1_4' title="bbox 1711 1312 1814 1379">
    <p class='ocr_par' dir='ltr' id='par_1_6' title="bbox 1711 1312 1814 1379">
     <span class='ocr_line' id='line_1_11' title="bbox 1711 1312 1814 1379; baseline -0.029 -1"><span class='ocrx_word' id='word_1_57' title='bbox 1711 1312 1814 1379; x_wconf 87' lang='lat'>63.</span> 
     </span>
    </p>
   </div>
   <div class='ocr_carea' id='block_1_5' title="bbox 806 1446 2705 1651">
    <p class='ocr_par' dir='ltr' id='par_1_7' title="bbox 806 1446 2705 1651">
     <span class='ocr_line' id='line_1_12' title="bbox 806 1446 2705 1551; baseline 0.001 -22"><span class='ocrx_word' id='word_1_58' title='bbox 806 1447 1132 1532; x_wconf 81' lang='lat' dir='ltr'>Pactum</span> <span class='ocrx_word' id='word_1_59' title='bbox 1187 1448 1282 1530; x_wconf 87' lang='lat' dir='ltr'>de</span> <span class='ocrx_word' id='word_1_60' title='bbox 1334 1447 1560 1531; x_wconf 88' lang='lat' dir='ltr'>bonis</span> <span class='ocrx_word' id='word_1_61' title='bbox 1616 1448 1980 1531; x_wconf 86' lang='lat' dir='ltr'>comitum</span> <span class='ocrx_word' id='word_1_62' title='bbox 2033 1446 2215 1529; x_wconf 90' lang='lat' dir='ltr'>olim</span> <span class='ocrx_word' id='word_1_63' title='bbox 2267 1447 2363 1531; x_wconf 87' lang='lat' dir='ltr'>de</span> <span class='ocrx_word' id='word_1_64' title='bbox 2415 1447 2705 1551; x_wconf 82' lang='lat' dir='ltr'>Bogen.</span> 
     </span>
     <span class='ocr_line' id='line_1_13' title="bbox 1677 1586 1865 1651; baseline -0.011 0"><span class='ocrx_word' id='word_1_65' title='bbox 1677 1586 1865 1651; x_wconf 83' lang='lat'>1273.</span> 
     </span>
    </p>
   </div>
   <div class='ocr_carea' id='block_1_6' title="bbox 575 1721 2922 2135">
    <p class='ocr_par' dir='ltr' id='par_1_8' title="bbox 575 1721 2922 1997">
     <span class='ocr_line' id='line_1_14' title="bbox 790 1721 2922 1792; baseline -0.003 -17"><span class='ocrx_word' id='word_1_66' title='bbox 790 1724 1059 1788; x_wconf 87' lang='lat' dir='ltr'>Ludmila,</span> <span class='ocrx_word' id='word_1_67' title='bbox 1095 1721 1347 1775; x_wconf 82' lang='lat' dir='ltr'>Friderici</span> <span class='ocrx_word' id='word_1_68' title='bbox 1380 1722 1738 1775; x_wconf 85' lang='lat' dir='ltr'>Bohemorum</span> <span class='ocrx_word' id='word_1_69' title='bbox 1772 1724 1921 1775; x_wconf 87' lang='lat' dir='ltr'>ducis</span> <span class='ocrx_word' id='word_1_70' title='bbox 1964 1723 2092 1792; x_wconf 82' lang='lat' dir='ltr'>filia,</span> <span class='ocrx_word' id='word_1_71' title='bbox 2142 1724 2201 1775; x_wconf 91' lang='lat' dir='ltr'>in</span> <span class='ocrx_word' id='word_1_72' title='bbox 2253 1724 2650 1775; x_wconf 73' lang='lat' dir='ltr'>matrimonium</span> <span class='ocrx_word' id='word_1_73' title='bbox 2703 1722 2818 1773; x_wconf 84' lang='lat' dir='ltr'>data</span> <span class='ocrx_word' id='word_1_74' title='bbox 2861 1723 2922 1769; x_wconf 83' lang='lat' dir='ltr'>est</span> 
     </span>
     <span class='ocr_line' id='line_1_15' title="bbox 576 1788 2918 1859; baseline -0.003 -14"><span class='ocrx_word' id='word_1_75' title='bbox 576 1792 869 1845; x_wconf 79' lang='lat' dir='ltr'>Adalberto</span> <span class='ocrx_word' id='word_1_76' title='bbox 893 1793 993 1845; x_wconf 85' lang='lat'>111.</span> <span class='ocrx_word' id='word_1_77' title='bbox 1013 1792 1194 1843; x_wconf 86' lang='lat' dir='ltr'>comiti</span> <span class='ocrx_word' id='word_1_78' title='bbox 1214 1792 1278 1843; x_wconf 87' lang='lat' dir='ltr'>de</span> <span class='ocrx_word' id='word_1_79' title='bbox 1296 1791 1505 1859; x_wconf 78' lang='lat' dir='ltr'>Bogen3</span> <span class='ocrx_word' id='word_1_80' title='bbox 1542 1793 1666 1844; x_wconf 88' lang='lat' dir='ltr'>dein</span> <span class='ocrx_word' id='word_1_81' title='bbox 1682 1798 1966 1859; x_wconf 79' lang='lat' dir='ltr'>postquam</span> <span class='ocrx_word' id='word_1_82' title='bbox 2001 1793 2090 1843; x_wconf 87' lang='lat' dir='ltr'>hic</span> <span class='ocrx_word' id='word_1_83' title='bbox 2126 1807 2175 1844; x_wconf 86' lang='lat' dir='ltr'>a.</span> <span class='ocrx_word' id='word_1_84' title='bbox 2216 1794 2351 1843; x_wconf 88' lang='grc'>1198</span> <span class='ocrx_word' id='word_1_85' title='bbox 2386 1796 2630 1843; x_wconf 80' lang='lat' dir='ltr'>mortuus</span> <span class='ocrx_word' id='word_1_86' title='bbox 2666 1796 2758 1853; x_wconf 79' lang='lat' dir='ltr'>est,</span> <span class='ocrx_word' id='word_1_87' title='bbox 2773 1788 2918 1841; x_wconf 85' lang='lat' dir='ltr'>Ludo-</span> 
     </span>
     <span class='ocr_line' id='line_1_16' title="bbox 575 1859 2918 1927; baseline -0.003 -15"><span class='ocrx_word' id='word_1_88' title='bbox 575 1862 715 1927; x_wconf 85' lang='lat' dir='ltr'>vico,</span> <span class='ocrx_word' id='word_1_89' title='bbox 750 1862 1015 1913; x_wconf 84' lang='lat' dir='ltr'>Bavariae</span> <span class='ocrx_word' id='word_1_90' title='bbox 1049 1861 1191 1925; x_wconf 88' lang='lat' dir='ltr'>duci,</span> <span class='ocrx_word' id='word_1_91' title='bbox 1224 1862 1424 1927; x_wconf 81' lang='lat' dir='ltr'>nupsit.</span> <span class='ocrx_word' id='word_1_92' title='bbox 1460 1862 1542 1912; x_wconf 84' lang='lat' dir='ltr'>Ex</span> <span class='ocrx_word' id='word_1_93' title='bbox 1558 1862 1725 1927; x_wconf 85' lang='lat' dir='ltr'>priori</span> <span class='ocrx_word' id='word_1_94' title='bbox 1759 1862 2098 1912; x_wconf 89' lang='lat' dir='ltr'>matrimonio</span> <span class='ocrx_word' id='word_1_95' title='bbox 2134 1866 2384 1913; x_wconf 78' lang='lat' dir='ltr'>natusest</span> <span class='ocrx_word' id='word_1_96' title='bbox 2399 1860 2724 1913; x_wconf 80' lang='lat' dir='ltr'>Adalbertus</span> <span class='ocrx_word' id='word_1_97' title='bbox 2755 1859 2839 1909; x_wconf 87' lang='lat' dir='ltr'>IV.</span> <span class='ocrx_word' id='word_1_98' title='bbox 2849 1872 2918 1907; x_wconf 84' lang='lat' dir='ltr'>co-</span> 
     </span>
     <span class='ocr_line' id='line_1_17' title="bbox 582 1928 2783 1997; baseline -0.002 -16"><span class='ocrx_word' id='word_1_99' title='bbox 582 1945 699 1983; x_wconf 81' lang='lat' dir='ltr'>mes</span> <span class='ocrx_word' id='word_1_100' title='bbox 733 1931 799 1982; x_wconf 88' lang='lat' dir='ltr'>de</span> <span class='ocrx_word' id='word_1_101' title='bbox 832 1932 1032 1997; x_wconf 80' lang='lat' dir='ltr'>Bogen,</span> <span class='ocrx_word' id='word_1_102' title='bbox 1071 1945 1137 1981; x_wconf 86' lang='lat' dir='ltr'>ex</span> <span class='ocrx_word' id='word_1_103' title='bbox 1172 1928 1339 1981; x_wconf 86' lang='lat' dir='ltr'>altero</span> <span class='ocrx_word' id='word_1_104' title='bbox 1378 1930 1504 1981; x_wconf 89' lang='lat' dir='ltr'>Otto</span> <span class='ocrx_word' id='word_1_105' title='bbox 1541 1931 1650 1982; x_wconf 86' lang='lat' dir='ltr'>dux</span> <span class='ocrx_word' id='word_1_106' title='bbox 1683 1931 1945 1982; x_wconf 83' lang='lat' dir='ltr'>Bavariae</span> <span class='ocrx_word' id='word_1_107' title='bbox 1981 1935 2034 1982; x_wconf 88' lang='lat' dir='ltr'>et</span> <span class='ocrx_word' id='word_1_108' title='bbox 2067 1930 2342 1996; x_wconf 80' lang='lat' dir='ltr'>palatinus</span> <span class='ocrx_word' id='word_1_109' title='bbox 2376 1944 2554 1981; x_wconf 85' lang='lat' dir='ltr'>comes</span> <span class='ocrx_word' id='word_1_110' title='bbox 2594 1928 2783 1980; x_wconf 82' lang='lat' dir='ltr'>Rheni.</span> 
     </span>
    </p>

    <p class='ocr_par' dir='ltr' id='par_1_9' title="bbox 577 1994 2920 2135">
     <span class='ocr_line' id='line_1_18' title="bbox 783 1994 2920 2065; baseline -0.003 -16"><span class='ocrx_word' id='word_1_111' title='bbox 783 2000 963 2062; x_wconf 79' lang='lat' dir='ltr'>Quum</span> <span class='ocrx_word' id='word_1_112' title='bbox 1000 1999 1184 2050; x_wconf 89' lang='lat' dir='ltr'>comiti</span> <span class='ocrx_word' id='word_1_113' title='bbox 1219 1998 1286 2049; x_wconf 88' lang='lat' dir='ltr'>de</span> <span class='ocrx_word' id='word_1_114' title='bbox 1320 1999 1509 2065; x_wconf 78' lang='lat' dir='ltr'>Bogen</span> <span class='ocrx_word' id='word_1_115' title='bbox 1542 1998 1782 2063; x_wconf 78' lang='lat' dir='ltr'>nuberet,</span> <span class='ocrx_word' id='word_1_116' title='bbox 1818 1999 2070 2050; x_wconf 88' lang='lat' dir='ltr'>Ludmila</span> <span class='ocrx_word' id='word_1_117' title='bbox 2115 1999 2322 2065; x_wconf 87' lang='lat' dir='ltr'>aliquot</span> <span class='ocrx_word' id='word_1_118' title='bbox 2365 1998 2590 2065; x_wconf 82' lang='lat' dir='ltr'>praedia</span> <span class='ocrx_word' id='word_1_119' title='bbox 2642 2001 2702 2049; x_wconf 89' lang='lat' dir='ltr'>in</span> <span class='ocrx_word' id='word_1_120' title='bbox 2735 1994 2920 2047; x_wconf 79' lang='lat' dir='ltr'>Boemia</span> 
     </span>
     <span class='ocr_line' id='line_1_19' title="bbox 577 2062 2917 2135; baseline -0.003 -15"><span class='ocrx_word' id='word_1_121' title='bbox 577 2069 681 2120; x_wconf 73' lang='lat' dir='ltr'>elta</span> <span class='ocrx_word' id='word_1_122' title='bbox 716 2067 856 2121; x_wconf 87' lang='lat' dir='ltr'>dotis</span> <span class='ocrx_word' id='word_1_123' title='bbox 892 2069 1105 2119; x_wconf 89' lang='lat' dir='ltr'>nomine</span> <span class='ocrx_word' id='word_1_124' title='bbox 1139 2069 1363 2135; x_wconf 88' lang='lat' dir='ltr'>accepit,</span> <span class='ocrx_word' id='word_1_125' title='bbox 1400 2084 1626 2134; x_wconf 87' lang='lat' dir='ltr'>quorum</span> <span class='ocrx_word' id='word_1_126' title='bbox 1661 2083 1691 2118; x_wconf 86' lang='lat' dir='ltr'>e</span> <span class='ocrx_word' id='word_1_127' title='bbox 1707 2084 1926 2119; x_wconf 89' lang='lat' dir='ltr'>numero</span> <span class='ocrx_word' id='word_1_128' title='bbox 1963 2071 2078 2119; x_wconf 88' lang='lat' dir='ltr'>erat</span> <span class='ocrx_word' id='word_1_129' title='bbox 2102 2068 2232 2119; x_wconf 88' lang='lat' dir='ltr'>villa</span> <span class='ocrx_word' id='word_1_130' title='bbox 2268 2066 2455 2120; x_wconf 63' lang='lat' dir='ltr'>Susice</span> <span class='ocrx_word' id='word_1_131' title='bbox 2491 2062 2917 2133; x_wconf 84' lang='lat' dir='ltr'>(Schiittenhofen)</span> 
     </span>
    </p>
   </div>
   <div class='ocr_carea' id='block_1_7' title="bbox 576 2136 3014 2203">
    <p class='ocr_par' dir='ltr' id='par_1_10' title="bbox 576 2136 3014 2203">
     <span class='ocr_line' id='line_1_20' title="bbox 576 2136 3014 2203; baseline -0.002 -15"><span class='ocrx_word' id='word_1_132' title='bbox 576 2142 646 2201; x_wconf 86' lang='lat' dir='ltr'>et,</span> <span class='ocrx_word' id='word_1_133' title='bbox 682 2151 820 2203; x_wconf 82' lang='lat' dir='ltr'>quae</span> <span class='ocrx_word' id='word_1_134' title='bbox 853 2137 923 2188; x_wconf 88' lang='lat' dir='ltr'>ad</span> <span class='ocrx_word' id='word_1_135' title='bbox 959 2151 1077 2188; x_wconf 86' lang='lat' dir='ltr'>eam</span> <span class='ocrx_word' id='word_1_136' title='bbox 1111 2137 1465 2202; x_wconf 79' lang='lat' dir='ltr'>pertinebant,</span> <span class='ocrx_word' id='word_1_137' title='bbox 1499 2136 1719 2203; x_wconf 82' lang='lat' dir='ltr'>praedia</span> <span class='ocrx_word' id='word_1_138' title='bbox 1754 2137 1820 2188; x_wconf 90' lang='lat' dir='ltr'>de</span> <span class='ocrx_word' id='word_1_139' title='bbox 1854 2136 2161 2188; x_wconf 84' lang='lat' dir='ltr'>Podmokel.</span> <span class='ocrx_word' id='word_1_140' title='bbox 2200 2136 2624 2188; x_wconf 86' lang='lat' dir='ltr'>Schiittenhofen</span> <span class='ocrx_word' id='word_1_141' title='bbox 2658 2137 2716 2185; x_wconf 91' lang='lat' dir='ltr'>in</span> <span class='ocrx_word' id='word_1_142' title='bbox 2748 2146 2918 2201; x_wconf 79' lang='lat' dir='ltr'>posses-</span> <span class='ocrx_word' id='word_1_143' title='bbox 2999 2138 3014 2165; x_wconf 77' lang='lat'>⁸</span> 
     </span>
    </p>
   </div>
   <div class='ocr_carea' id='block_1_8' title="bbox 573 2200 2920 3371">
    <p class='ocr_par' dir='ltr' id='par_1_11' title="bbox 573 2200 2919 2410">
     <span class='ocr_line' id='line_1_21' title="bbox 574 2200 2919 2272; baseline -0.003 -15"><span class='ocrx_word' id='word_1_144' title='bbox 574 2206 726 2257; x_wconf 79' lang='lat' dir='ltr'>sione</span> <span class='ocrx_word' id='word_1_145' title='bbox 758 2206 1035 2257; x_wconf 78' lang='lat' dir='ltr'>Adalberti</span> <span class='ocrx_word' id='word_1_146' title='bbox 1064 2206 1161 2257; x_wconf 89' lang='lat' dir='ltr'>IV.</span> <span class='ocrx_word' id='word_1_147' title='bbox 1197 2206 1503 2271; x_wconf 77' lang='lat' dir='ltr'>permansit,</span> <span class='ocrx_word' id='word_1_148' title='bbox 1542 2206 1636 2272; x_wconf 88' lang='lat' dir='ltr'>qui</span> <span class='ocrx_word' id='word_1_149' title='bbox 1668 2206 1947 2257; x_wconf 84' lang='lat' dir='ltr'>ecclesiam</span> <span class='ocrx_word' id='word_1_150' title='bbox 1967 2205 2166 2257; x_wconf 85' lang='lat' dir='ltr'>ibidem</span> <span class='ocrx_word' id='word_1_151' title='bbox 2200 2221 2321 2256; x_wconf 87' lang='lat' dir='ltr'>cum</span> <span class='ocrx_word' id='word_1_152' title='bbox 2354 2206 2486 2256; x_wconf 89' lang='lat' dir='ltr'>villa</span> <span class='ocrx_word' id='word_1_153' title='bbox 2521 2204 2798 2269; x_wconf 85' lang='lat' dir='ltr'>adjacente</span> <span class='ocrx_word' id='word_1_154' title='bbox 2815 2200 2919 2253; x_wconf 80' lang='lat' dir='ltr'>Pod-</span> 
     </span>
     <span class='ocr_line' id='line_1_22' title="bbox 573 2274 2919 2339; baseline -0.003 -15"><span class='ocrx_word' id='word_1_155' title='bbox 573 2274 753 2328; x_wconf 85' lang='lat' dir='ltr'>mokel</span> <span class='ocrx_word' id='word_1_156' title='bbox 807 2276 952 2326; x_wconf 90' lang='lat' dir='ltr'>dicta</span> <span class='ocrx_word' id='word_1_157' title='bbox 1008 2274 1268 2325; x_wconf 85' lang='lat' dir='ltr'>ecclesiae</span> <span class='ocrx_word' id='word_1_158' title='bbox 1300 2274 1731 2339; x_wconf 80' lang='lat' dir='ltr'>windbergensi,</span> <span class='ocrx_word' id='word_1_159' title='bbox 1789 2274 1946 2339; x_wconf 88' lang='lat' dir='ltr'>cujus</span> <span class='ocrx_word' id='word_1_160' title='bbox 1981 2275 2272 2327; x_wconf 87' lang='lat' dir='ltr'>advocatus</span> <span class='ocrx_word' id='word_1_161' title='bbox 2319 2280 2448 2339; x_wconf 83' lang='lat' dir='ltr'>erat,</span> <span class='ocrx_word' id='word_1_162' title='bbox 2498 2278 2816 2325; x_wconf 84' lang='lat' dir='ltr'>testamento</span> <span class='ocrx_word' id='word_1_163' title='bbox 2846 2283 2919 2320; x_wconf 82' lang='lat' dir='ltr'>suo</span> 
     </span>
     <span class='ocr_line' id='line_1_23' title="bbox 574 2342 1863 2410; baseline -0.001 -15"><span class='ocrx_word' id='word_1_164' title='bbox 574 2357 631 2395; x_wconf 81' lang='lat' dir='ltr'>a.</span> <span class='ocrx_word' id='word_1_165' title='bbox 671 2346 807 2395; x_wconf 81' lang='lat'><strong>1233</strong></span> <span class='ocrx_word' id='word_1_166' title='bbox 842 2344 1072 2394; x_wconf 88' lang='lat' dir='ltr'>contulit</span> <span class='ocrx_word' id='word_1_167' title='bbox 1128 2342 1275 2407; x_wconf 85' lang='lat' dir='ltr'>(Erb.</span> <span class='ocrx_word' id='word_1_168' title='bbox 1310 2344 1443 2408; x_wconf 87' lang='lat' dir='ltr'>Reg.</span> <span class='ocrx_word' id='word_1_169' title='bbox 1478 2344 1526 2394; x_wconf 91' lang='grc' dir='ltr'>Ι.</span> <span class='ocrx_word' id='word_1_170' title='bbox 1564 2344 1682 2405; x_wconf 80' lang='grc'>796,</span> <span class='ocrx_word' id='word_1_171' title='bbox 1719 2343 1863 2410; x_wconf 83' lang='grc'>807.)</span> 
     </span>
    </p>

    <p class='ocr_par' dir='ltr' id='par_1_12' title="bbox 574 2411 2917 2750">
     <span class='ocr_line' id='line_1_24' title="bbox 782 2411 2916 2479; baseline -0.002 -17"><span class='ocrx_word' id='word_1_172' title='bbox 782 2412 1071 2479; x_wconf 84' lang='lat' dir='ltr'>Postquam</span> <span class='ocrx_word' id='word_1_173' title='bbox 1107 2427 1239 2477; x_wconf 81' lang='lat' dir='ltr'>gens</span> <span class='ocrx_word' id='word_1_174' title='bbox 1274 2414 1527 2463; x_wconf 83' lang='lat' dir='ltr'>comitum</span> <span class='ocrx_word' id='word_1_175' title='bbox 1563 2411 1629 2463; x_wconf 91' lang='lat' dir='ltr'>de</span> <span class='ocrx_word' id='word_1_176' title='bbox 1661 2412 1848 2479; x_wconf 79' lang='lat' dir='ltr'>Bogen</span> <span class='ocrx_word' id='word_1_177' title='bbox 1883 2426 1932 2463; x_wconf 83' lang='lat' dir='ltr'>a.</span> <span class='ocrx_word' id='word_1_178' title='bbox 1973 2414 2107 2463; x_wconf 81' lang='lat'>1242</span> <span class='ocrx_word' id='word_1_179' title='bbox 2144 2412 2406 2464; x_wconf 83' lang='lat' dir='ltr'>exstincta</span> <span class='ocrx_word' id='word_1_180' title='bbox 2456 2417 2551 2475; x_wconf 88' lang='lat' dir='ltr'>est,</span> <span class='ocrx_word' id='word_1_181' title='bbox 2591 2411 2724 2463; x_wconf 90' lang='lat' dir='ltr'>Otto</span> <span class='ocrx_word' id='word_1_182' title='bbox 2757 2424 2816 2459; x_wconf 89' lang='lat' dir='ltr'>ex</span> <span class='ocrx_word' id='word_1_183' title='bbox 2845 2421 2916 2473; x_wconf 85' lang='lat' dir='ltr'>po-</span> 
     </span>
     <span class='ocr_line' id='line_1_25' title="bbox 576 2478 2917 2548; baseline -0.003 -17"><span class='ocrx_word' id='word_1_184' title='bbox 576 2479 782 2531; x_wconf 87' lang='lat' dir='ltr'>steriori</span> <span class='ocrx_word' id='word_1_185' title='bbox 816 2481 1152 2532; x_wconf 83' lang='lat' dir='ltr'>matrimonio</span> <span class='ocrx_word' id='word_1_186' title='bbox 1189 2485 1336 2531; x_wconf 84' lang='lat' dir='ltr'>ortus</span> <span class='ocrx_word' id='word_1_187' title='bbox 1390 2482 1549 2531; x_wconf 80' lang='lat' dir='ltr'>istam</span> <span class='ocrx_word' id='word_1_188' title='bbox 1585 2481 1929 2533; x_wconf 78' lang='lat' dir='ltr'>hereditatem</span> <span class='ocrx_word' id='word_1_189' title='bbox 1966 2481 2239 2548; x_wconf 73' lang='lat' dir='ltr'>appetivit,</span> <span class='ocrx_word' id='word_1_190' title='bbox 2287 2486 2446 2547; x_wconf 84' lang='lat' dir='ltr'>atque</span> <span class='ocrx_word' id='word_1_191' title='bbox 2505 2485 2654 2532; x_wconf 86' lang='lat' dir='ltr'>certe</span> <span class='ocrx_word' id='word_1_192' title='bbox 2699 2478 2917 2543; x_wconf 84' lang='lat' dir='ltr'>reperitur</span> 
     </span>
     <span class='ocr_line' id='line_1_26' title="bbox 580 2548 2917 2611; baseline -0.002 -13"><span class='ocrx_word' id='word_1_193' title='bbox 580 2548 810 2598; x_wconf 82' lang='lat' dir='ltr'>eundem</span> <span class='ocrx_word' id='word_1_194' title='bbox 844 2548 1093 2600; x_wconf 90' lang='lat' dir='ltr'>Ottonem</span> <span class='ocrx_word' id='word_1_195' title='bbox 1130 2564 1181 2600; x_wconf 84' lang='lat' dir='ltr'>a.</span> <span class='ocrx_word' id='word_1_196' title='bbox 1219 2551 1354 2599; x_wconf 80' lang='lat'>1246</span> <span class='ocrx_word' id='word_1_197' title='bbox 1389 2552 1712 2601; x_wconf 83' lang='lat' dir='ltr'>monasterio</span> <span class='ocrx_word' id='word_1_198' title='bbox 1749 2549 1814 2600; x_wconf 88' lang='lat' dir='ltr'>de</span> <span class='ocrx_word' id='word_1_199' title='bbox 1847 2549 2062 2601; x_wconf 82' lang='lat' dir='ltr'>Altaich</span> <span class='ocrx_word' id='word_1_200' title='bbox 2105 2550 2341 2601; x_wconf 81' lang='lat' dir='ltr'>inferiori</span> <span class='ocrx_word' id='word_1_201' title='bbox 2397 2550 2634 2601; x_wconf 76' lang='lat' dir='ltr'>donasse</span> <span class='ocrx_word' id='word_1_202' title='bbox 2692 2548 2917 2611; x_wconf 69' lang='lat' dir='ltr'>„decimas</span> 
     </span>
     <span class='ocr_line' id='line_1_27' title="bbox 574 2611 2916 2750; baseline -0.001 -83"><span class='ocrx_word' id='word_1_203' title='bbox 574 2616 1105 2750; x_wconf 39' lang='lat' dir='ltr'>{huziuabonorum</span> <span class='ocrx_word' id='word_1_204' title='bbox 1124 2620 1183 2667; x_wconf 91' lang='lat' dir='ltr'>in</span> <span class='ocrx_word' id='word_1_205' title='bbox 1204 2618 1439 2669; x_wconf 88' lang='lat' dir='ltr'>cellariis</span> <span class='ocrx_word' id='word_1_206' title='bbox 1472 2623 1525 2670; x_wconf 90' lang='lat' dir='ltr'>et</span> <span class='ocrx_word' id='word_1_207' title='bbox 1560 2619 1825 2684; x_wconf 82' lang='lat' dir='ltr'>granariis</span> <span class='ocrx_word' id='word_1_208' title='bbox 1860 2618 2277 2671; x_wconf 82' lang='lat' dir='ltr'>Schiittenhofen</span> <span class='ocrx_word' id='word_1_209' title='bbox 2310 2623 2564 2686; x_wconf 86' lang='lat' dir='ltr'>perpetuo</span> <span class='ocrx_word' id='word_1_210' title='bbox 2589 2611 2916 2683; x_wconf 74' lang='lat' dir='ltr'>colligendu“</span> 
     </span>
    </p>

    <p class='ocr_par' dir='ltr' id='par_1_13' title="bbox 658 2687 1194 2751">
     <span class='ocr_line' id='line_1_28' title="bbox 658 2687 1194 2751; baseline 0.006 -16"><span class='ocrx_word' id='word_1_211' title='bbox 658 2700 684 2735; x_wconf 88' lang='lat' dir='ltr'>r</span> <span class='ocrx_word' id='word_1_212' title='bbox 725 2719 739 2735; x_wconf 92' lang='lat'>.</span> <span class='ocrx_word' id='word_1_213' title='bbox 851 2702 901 2751; x_wconf 85' lang='lat' dir='ltr'>g.</span> <span class='ocrx_word' id='word_1_214' title='bbox 935 2687 981 2737; x_wconf 91' lang='grc' dir='ltr'>Ι.</span> <span class='ocrx_word' id='word_1_215' title='bbox 1021 2688 1194 2751; x_wconf 84' lang='grc'>1150.)</span> 
     </span>
    </p>

    <p class='ocr_par' dir='ltr' id='par_1_14' title="bbox 575 2754 2920 3165">
     <span class='ocr_line' id='line_1_29' title="bbox 784 2754 2917 2822; baseline 0 -17"><span class='ocrx_word' id='word_1_216' title='bbox 784 2754 913 2820; x_wconf 84' lang='lat' dir='ltr'>Ipsa</span> <span class='ocrx_word' id='word_1_217' title='bbox 946 2754 1197 2805; x_wconf 85' lang='lat' dir='ltr'>Ludmila</span> <span class='ocrx_word' id='word_1_218' title='bbox 1232 2769 1280 2807; x_wconf 87' lang='lat' dir='ltr'>a.</span> <span class='ocrx_word' id='word_1_219' title='bbox 1322 2756 1457 2807; x_wconf 82' lang='lat'>1240</span> <span class='ocrx_word' id='word_1_220' title='bbox 1506 2760 1719 2807; x_wconf 88' lang='lat' dir='ltr'>mortua</span> <span class='ocrx_word' id='word_1_221' title='bbox 1767 2759 1867 2806; x_wconf 85' lang='lat' dir='ltr'>est.</span> <span class='ocrx_word' id='word_1_222' title='bbox 1900 2756 2026 2806; x_wconf 84' lang='lat' dir='ltr'>Jam</span> <span class='ocrx_word' id='word_1_223' title='bbox 2085 2756 2184 2806; x_wconf 90' lang='lat' dir='ltr'>sub</span> <span class='ocrx_word' id='word_1_224' title='bbox 2219 2770 2345 2822; x_wconf 84' lang='lat' dir='ltr'>rege</span> <span class='ocrx_word' id='word_1_225' title='bbox 2378 2755 2700 2807; x_wconf 86' lang='lat' dir='ltr'>Wenceslao</span> <span class='ocrx_word' id='word_1_226' title='bbox 2734 2755 2794 2817; x_wconf 91' lang='lat'>1.‚</span> <span class='ocrx_word' id='word_1_227' title='bbox 2833 2762 2917 2799; x_wconf 77' lang='lat'>1118·</span> 
     </span>
     <span class='ocr_line' id='line_1_30' title="bbox 575 2821 2920 2890; baseline -0.003 -17"><span class='ocrx_word' id='word_1_228' title='bbox 575 2822 747 2888; x_wconf 80' lang='lat' dir='ltr'>jorem</span> <span class='ocrx_word' id='word_1_229' title='bbox 784 2828 962 2874; x_wconf 85' lang='lat' dir='ltr'>autem</span> <span class='ocrx_word' id='word_1_230' title='bbox 1015 2824 1073 2872; x_wconf 90' lang='lat' dir='ltr'>in</span> <span class='ocrx_word' id='word_1_231' title='bbox 1126 2823 1339 2875; x_wconf 88' lang='lat' dir='ltr'>modum</span> <span class='ocrx_word' id='word_1_232' title='bbox 1388 2830 1645 2890; x_wconf 80' lang='lat' dir='ltr'>reg-nante</span> <span class='ocrx_word' id='word_1_233' title='bbox 1701 2824 2008 2889; x_wconf 82' lang='lat' dir='ltr'>Premyslao</span> <span class='ocrx_word' id='word_1_234' title='bbox 2052 2826 2271 2876; x_wconf 88' lang='lat' dir='ltr'>Otacaro</span> <span class='ocrx_word' id='word_1_235' title='bbox 2319 2824 2393 2875; x_wconf 91' lang='lat'>11.</span> <span class='ocrx_word' id='word_1_236' title='bbox 2437 2825 2788 2890; x_wconf 83' lang='lat' dir='ltr'>gravissimae</span> <span class='ocrx_word' id='word_1_237' title='bbox 2827 2821 2920 2869; x_wconf 82' lang='lat' dir='ltr'>lites</span> 
     </span>
     <span class='ocr_line' id='line_1_31' title="bbox 576 2891 2918 2959; baseline -0.001 -18"><span class='ocrx_word' id='word_1_238' title='bbox 576 2892 717 2942; x_wconf 81' lang='lat' dir='ltr'>inter</span> <span class='ocrx_word' id='word_1_239' title='bbox 750 2892 1038 2944; x_wconf 85' lang='lat' dir='ltr'>Bavariam</span> <span class='ocrx_word' id='word_1_240' title='bbox 1075 2896 1127 2942; x_wconf 93' lang='lat' dir='ltr'>et</span> <span class='ocrx_word' id='word_1_241' title='bbox 1162 2893 1451 2957; x_wconf 80' lang='lat' dir='ltr'>Boemiam,</span> <span class='ocrx_word' id='word_1_242' title='bbox 1488 2895 1680 2959; x_wconf 88' lang='lat' dir='ltr'>partim</span> <span class='ocrx_word' id='word_1_243' title='bbox 1717 2899 1934 2958; x_wconf 88' lang='lat' dir='ltr'>propter</span> <span class='ocrx_word' id='word_1_244' title='bbox 1965 2894 2320 2958; x_wconf 80' lang='lat' dir='ltr'>possesiones,</span> <span class='ocrx_word' id='word_1_245' title='bbox 2369 2908 2500 2958; x_wconf 86' lang='lat' dir='ltr'>quas</span> <span class='ocrx_word' id='word_1_246' title='bbox 2536 2892 2670 2943; x_wconf 86' lang='lat' dir='ltr'>olim</span> <span class='ocrx_word' id='word_1_247' title='bbox 2705 2891 2918 2942; x_wconf 86' lang='lat' dir='ltr'>comitum</span> 
     </span>
     <span class='ocr_line' id='line_1_32' title="bbox 578 2959 2917 3027; baseline -0.002 -16"><span class='ocrx_word' id='word_1_248' title='bbox 578 2960 643 3011; x_wconf 89' lang='lat' dir='ltr'>de</span> <span class='ocrx_word' id='word_1_249' title='bbox 676 2960 861 3026; x_wconf 80' lang='lat' dir='ltr'>Bogen</span> <span class='ocrx_word' id='word_1_250' title='bbox 896 2962 954 3010; x_wconf 89' lang='lat' dir='ltr'>in</span> <span class='ocrx_word' id='word_1_251' title='bbox 986 2961 1219 3012; x_wconf 88' lang='lat' dir='ltr'>Bavaria</span> <span class='ocrx_word' id='word_1_252' title='bbox 1252 2962 1482 3025; x_wconf 85' lang='lat' dir='ltr'>fuerant,</span> <span class='ocrx_word' id='word_1_253' title='bbox 1537 2968 1752 3012; x_wconf 83' lang='lat' dir='ltr'>exortae</span> <span class='ocrx_word' id='word_1_254' title='bbox 1805 2967 1966 3023; x_wconf 81' lang='lat' dir='ltr'>sunt3</span> <span class='ocrx_word' id='word_1_255' title='bbox 2015 2962 2274 3013; x_wconf 78' lang='lat' dir='ltr'>Otacarus</span> <span class='ocrx_word' id='word_1_256' title='bbox 2323 2963 2535 3025; x_wconf 87' lang='lat' dir='ltr'>quidem</span> <span class='ocrx_word' id='word_1_257' title='bbox 2583 2975 2721 3027; x_wconf 83' lang='lat' dir='ltr'>pace</span> <span class='ocrx_word' id='word_1_258' title='bbox 2757 2959 2917 3011; x_wconf 78' lang='lat' dir='ltr'>Cham-</span> 
     </span>
     <span class='ocr_line' id='line_1_33' title="bbox 576 3025 2919 3097; baseline -0.003 -17"><span class='ocrx_word' id='word_1_259' title='bbox 576 3029 730 3080; x_wconf 88' lang='lat' dir='ltr'>bensi</span> <span class='ocrx_word' id='word_1_260' title='bbox 764 3044 815 3080; x_wconf 89' lang='lat' dir='ltr'>a.</span> <span class='ocrx_word' id='word_1_261' title='bbox 856 3031 988 3081; x_wconf 78' lang='lat'>125⁷</span> <span class='ocrx_word' id='word_1_262' title='bbox 1025 3030 1236 3095; x_wconf 82' lang='lat' dir='ltr'>oppidis</span> <span class='ocrx_word' id='word_1_263' title='bbox 1274 3034 1329 3081; x_wconf 90' lang='lat' dir='ltr'>et</span> <span class='ocrx_word' id='word_1_264' title='bbox 1363 3032 1551 3081; x_wconf 83' lang='lat' dir='ltr'>castris</span> <span class='ocrx_word' id='word_1_265' title='bbox 1588 3029 1741 3093; x_wconf 84' lang='lat' dir='ltr'>Ried,</span> <span class='ocrx_word' id='word_1_266' title='bbox 1798 3029 2107 3097; x_wconf 66' lang='lat' dir='ltr'>Scharding,</span> <span class='ocrx_word' id='word_1_267' title='bbox 2155 3030 2410 3097; x_wconf 83' lang='lat' dir='ltr'>Neuburg</span> <span class='ocrx_word' id='word_1_268' title='bbox 2445 3037 2499 3081; x_wconf 92' lang='lat' dir='ltr'>et</span> <span class='ocrx_word' id='word_1_269' title='bbox 2533 3025 2919 3081; x_wconf 79' lang='lat' dir='ltr'>Schiittenhofsn</span> 
     </span>
     <span class='ocr_line' id='line_1_34' title="bbox 577 3095 2920 3165; baseline -0.003 -17"><span class='ocrx_word' id='word_1_270' title='bbox 577 3099 993 3162; x_wconf 79' lang='lat' dir='ltr'>renuntiaverat,</span> <span class='ocrx_word' id='word_1_271' title='bbox 1028 3106 1085 3150; x_wconf 91' lang='lat' dir='ltr'>at</span> <span class='ocrx_word' id='word_1_272' title='bbox 1118 3098 1230 3150; x_wconf 86' lang='lat' dir='ltr'>litis</span> <span class='ocrx_word' id='word_1_273' title='bbox 1266 3099 1581 3164; x_wconf 72' lang='lat' dir='ltr'>compositio</span> <span class='ocrx_word' id='word_1_274' title='bbox 1619 3098 1830 3149; x_wconf 84' lang='lat' dir='ltr'>demum</span> <span class='ocrx_word' id='word_1_275' title='bbox 1867 3114 1918 3151; x_wconf 87' lang='lat' dir='ltr'>a.</span> <span class='ocrx_word' id='word_1_276' title='bbox 1941 3101 2093 3163; x_wconf 80' lang='lat'>1273,</span> <span class='ocrx_word' id='word_1_277' title='bbox 2127 3104 2188 3149; x_wconf 89' lang='lat' dir='ltr'>ut</span> <span class='ocrx_word' id='word_1_278' title='bbox 2205 3098 2446 3165; x_wconf 64' lang='lat' dir='ltr'>Palacky</span> <span class='ocrx_word' id='word_1_279' title='bbox 2479 3099 2659 3162; x_wconf 77' lang='lat' dir='ltr'>affert,</span> <span class='ocrx_word' id='word_1_280' title='bbox 2691 3100 2828 3149; x_wconf 84' lang='lat' dir='ltr'>facta</span> <span class='ocrx_word' id='word_1_281' title='bbox 2847 3095 2920 3144; x_wconf 82' lang='lat' dir='ltr'>est.</span> 
     </span>
    </p>

    <p class='ocr_par' dir='ltr' id='par_1_15' title="bbox 577 3163 2920 3371">
     <span class='ocr_line' id='line_1_35' title="bbox 634 3163 2920 3235; baseline -0 -19"><span class='ocrx_word' id='word_1_282' title='bbox 634 3227 641 3235; x_wconf 34' lang='grc'>,</span> <span class='ocrx_word' id='word_1_283' title='bbox 782 3168 977 3217; x_wconf 87' lang='lat' dir='ltr'>Forma</span> <span class='ocrx_word' id='word_1_284' title='bbox 1027 3166 1187 3231; x_wconf 89' lang='lat' dir='ltr'>hujus</span> <span class='ocrx_word' id='word_1_285' title='bbox 1229 3168 1636 3235; x_wconf 74' lang='lat' dir='ltr'>vcompositionis</span> <span class='ocrx_word' id='word_1_286' title='bbox 1691 3168 1888 3233; x_wconf 87' lang='lat' dir='ltr'>legitur</span> <span class='ocrx_word' id='word_1_287' title='bbox 1934 3170 1992 3219; x_wconf 86' lang='lat' dir='ltr'>iu</span> <span class='ocrx_word' id='word_1_288' title='bbox 2031 3168 2227 3219; x_wconf 86' lang='lat' dir='ltr'>Codice</span> <span class='ocrx_word' id='word_1_289' title='bbox 2278 3168 2705 3234; x_wconf 83' lang='lat' dir='ltr'>Regiomontano</span> <span class='ocrx_word' id='word_1_290' title='bbox 2772 3163 2920 3231; x_wconf 68' lang='lat' dir='ltr'>(Voigt</span> 
     </span>
     <span class='ocr_line' id='line_1_36' title="bbox 578 3229 2918 3304; baseline -0.001 -19"><span class='ocrx_word' id='word_1_291' title='bbox 578 3234 708 3285; x_wconf 81' lang='lat' dir='ltr'>Urk.</span> <span class='ocrx_word' id='word_1_292' title='bbox 742 3235 1097 3286; x_wconf 81' lang='lat' dir='ltr'>Formelbuch</span> <span class='ocrx_word' id='word_1_293' title='bbox 1132 3234 1315 3304; x_wconf 87' lang='lat' dir='ltr'>LXI.),</span> <span class='ocrx_word' id='word_1_294' title='bbox 1370 3236 1513 3287; x_wconf 90' lang='lat' dir='ltr'>unde</span> <span class='ocrx_word' id='word_1_295' title='bbox 1565 3236 1760 3298; x_wconf 87' lang='lat' dir='ltr'>locum,</span> <span class='ocrx_word' id='word_1_296' title='bbox 1813 3236 1882 3287; x_wconf 89' lang='lat' dir='ltr'>ad</span> <span class='ocrx_word' id='word_1_297' title='bbox 1918 3238 2331 3289; x_wconf 85' lang='lat' dir='ltr'>controversiam</span> <span class='ocrx_word' id='word_1_298' title='bbox 2380 3237 2444 3288; x_wconf 87' lang='lat' dir='ltr'>de</span> <span class='ocrx_word' id='word_1_299' title='bbox 2481 3238 2674 3289; x_wconf 83' lang='lat' dir='ltr'>castris</span> <span class='ocrx_word' id='word_1_300' title='bbox 2720 3240 2773 3287; x_wconf 86' lang='lat' dir='ltr'>et</span> <span class='ocrx_word' id='word_1_301' title='bbox 2803 3229 2918 3283; x_wconf 69' lang='lat' dir='ltr'>villis</span> 
     </span>
     <span class='ocr_line' id='line_1_37' title="bbox 577 3303 1887 3371; baseline 0.002 -17"><span class='ocrx_word' id='word_1_302' title='bbox 577 3308 925 3369; x_wconf 80' lang='lat' dir='ltr'>spectantem,</span> <span class='ocrx_word' id='word_1_303' title='bbox 963 3304 1333 3371; x_wconf 87' lang='lat' dir='ltr'>depromptum</span> <span class='ocrx_word' id='word_1_304' title='bbox 1368 3304 1519 3356; x_wconf 88' lang='lat' dir='ltr'>hicce</span> <span class='ocrx_word' id='word_1_305' title='bbox 1554 3303 1887 3356; x_wconf 86' lang='lat' dir='ltr'>exhibemus.</span> 
     </span>
    </p>
   </div>
   <div class='ocr_carea' id='block_1_9' title="bbox 567 3542 2920 4320">
    <p class='ocr_par' dir='ltr' id='par_1_16' title="bbox 572 3542 2920 4148">
     <span class='ocr_line' id='line_1_38' title="bbox 748 3542 2915 3627; baseline 0 -20"><span class='ocrx_word' id='word_1_306' title='bbox 748 3544 1096 3609; x_wconf 86' lang='lat' dir='ltr'>Praeterea</span> <span class='ocrx_word' id='word_1_307' title='bbox 1139 3551 1214 3608; x_wconf 92' lang='lat' dir='ltr'>ut</span> <span class='ocrx_word' id='word_1_308' title='bbox 1256 3544 1457 3627; x_wconf 74' lang='lat' dir='ltr'>fecus,</span> <span class='ocrx_word' id='word_1_309' title='bbox 1501 3543 1898 3610; x_wconf 87' lang='lat' dir='ltr'>fermentum</span> <span class='ocrx_word' id='word_1_310' title='bbox 1954 3553 2020 3610; x_wconf 91' lang='lat' dir='ltr'>et</span> <span class='ocrx_word' id='word_1_311' title='bbox 2062 3545 2424 3612; x_wconf 88' lang='lat' dir='ltr'>fomentum</span> <span class='ocrx_word' id='word_1_312' title='bbox 2471 3542 2915 3608; x_wconf 87' lang='lat' dir='ltr'>discordiarum</span> 
     </span>
     <span class='ocr_line' id='line_1_39' title="bbox 572 3628 2919 3721; baseline -0.002 -26"><span class='ocrx_word' id='word_1_313' title='bbox 572 3630 749 3695; x_wconf 88' lang='lat' dir='ltr'>inter</span> <span class='ocrx_word' id='word_1_314' title='bbox 791 3649 912 3717; x_wconf 80' lang='lat' dir='ltr'>nos</span> <span class='ocrx_word' id='word_1_315' title='bbox 956 3628 1274 3694; x_wconf 86' lang='lat' dir='ltr'>hactenus</span> <span class='ocrx_word' id='word_1_316' title='bbox 1317 3629 1692 3697; x_wconf 87' lang='lat' dir='ltr'>habitarum</span> <span class='ocrx_word' id='word_1_317' title='bbox 1741 3639 2096 3696; x_wconf 85' lang='lat' dir='ltr'>evacuetur</span> <span class='ocrx_word' id='word_1_318' title='bbox 2125 3630 2385 3719; x_wconf 87' lang='lat' dir='ltr'>penitus</span> <span class='ocrx_word' id='word_1_319' title='bbox 2438 3651 2556 3694; x_wconf 86' lang='lat' dir='ltr'>seu</span> <span class='ocrx_word' id='word_1_320' title='bbox 2599 3632 2795 3697; x_wconf 84' lang='lat' dir='ltr'>etiam</span> <span class='ocrx_word' id='word_1_321' title='bbox 2833 3644 2919 3721; x_wconf 56' lang='lat' dir='ltr'>exj</span> 
     </span>
     <span class='ocr_line' id='line_1_40' title="bbox 574 3714 2920 3804; baseline -0.004 -22"><span class='ocrx_word' id='word_1_322' title='bbox 574 3725 913 3804; x_wconf 85' lang='lat' dir='ltr'>purgetur,</span> <span class='ocrx_word' id='word_1_323' title='bbox 973 3717 1424 3781; x_wconf 83' lang='lat' dir='ltr'>renuntiamus</span> <span class='ocrx_word' id='word_1_324' title='bbox 1470 3726 1537 3782; x_wconf 91' lang='lat' dir='ltr'>et</span> <span class='ocrx_word' id='word_1_325' title='bbox 1581 3718 2103 3782; x_wconf 87' lang='lat' dir='ltr'>renuntiavimus</span> <span class='ocrx_word' id='word_1_326' title='bbox 2164 3718 2343 3782; x_wconf 88' lang='lat' dir='ltr'>omni</span> <span class='ocrx_word' id='word_1_327' title='bbox 2394 3716 2530 3801; x_wconf 89' lang='lat' dir='ltr'>juri</span> <span class='ocrx_word' id='word_1_328' title='bbox 2575 3726 2645 3781; x_wconf 90' lang='lat' dir='ltr'>et</span> <span class='ocrx_word' id='word_1_329' title='bbox 2710 3714 2920 3779; x_wconf 84' lang='lat' dir='ltr'>actiom</span> 
     </span>
     <span class='ocr_line' id='line_1_41' title="bbox 574 3797 2920 3889; baseline -0.002 -22"><span class='ocrx_word' id='word_1_330' title='bbox 574 3802 767 3869; x_wconf 86' lang='lat' dir='ltr'>nobis</span> <span class='ocrx_word' id='word_1_331' title='bbox 812 3810 881 3867; x_wconf 87' lang='lat' dir='ltr'>et</span> <span class='ocrx_word' id='word_1_332' title='bbox 925 3800 1279 3867; x_wconf 89' lang='lat' dir='ltr'>heredibus</span> <span class='ocrx_word' id='word_1_333' title='bbox 1344 3803 1586 3867; x_wconf 87' lang='lat' dir='ltr'>nostris</span> <span class='ocrx_word' id='word_1_334' title='bbox 1648 3803 2169 3889; x_wconf 89' lang='lat' dir='ltr'>competentibus</span> <span class='ocrx_word' id='word_1_335' title='bbox 2227 3804 2296 3868; x_wconf 90' lang='lat' dir='ltr'>in</span> <span class='ocrx_word' id='word_1_336' title='bbox 2358 3801 2772 3868; x_wconf 84' lang='lat' dir='ltr'>comitatibus</span> <span class='ocrx_word' id='word_1_337' title='bbox 2826 3797 2920 3862; x_wconf 84' lang='lat' dir='ltr'>Po-</span> 
     </span>
     <span class='ocr_line' id='line_1_42' title="bbox 578 3887 2916 3974; baseline -0.002 -22"><span class='ocrx_word' id='word_1_338' title='bbox 578 3909 725 3973; x_wconf 76' lang='lat' dir='ltr'>gon,</span> <span class='ocrx_word' id='word_1_339' title='bbox 768 3887 1211 3954; x_wconf 87' lang='lat' dir='ltr'>Tekkendorf</span> <span class='ocrx_word' id='word_1_340' title='bbox 1261 3896 1326 3954; x_wconf 87' lang='lat' dir='ltr'>et</span> <span class='ocrx_word' id='word_1_341' title='bbox 1383 3890 1452 3953; x_wconf 91' lang='lat' dir='ltr'>in</span> <span class='ocrx_word' id='word_1_342' title='bbox 1514 3890 1749 3953; x_wconf 85' lang='lat' dir='ltr'>castris</span> <span class='ocrx_word' id='word_1_343' title='bbox 1819 3888 2270 3974; x_wconf 86' lang='lat' dir='ltr'>Scherdingen</span> <span class='ocrx_word' id='word_1_344' title='bbox 2296 3938 2313 3969; x_wconf 90' lang='lat'>,</span> <span class='ocrx_word' id='word_1_345' title='bbox 2376 3887 2610 3970; x_wconf 79' lang='lat' dir='ltr'>Flosz,</span> <span class='ocrx_word' id='word_1_346' title='bbox 2672 3888 2916 3951; x_wconf 76' lang='lat' dir='ltr'>Bar-ten-</span> 
     </span>
     <span class='ocr_line' id='line_1_43' title="bbox 580 3965 2916 4061; baseline -0.003 -24"><span class='ocrx_word' id='word_1_347' title='bbox 580 3981 770 4058; x_wconf 80' lang='lat' dir='ltr'>steyn</span> <span class='ocrx_word' id='word_1_348' title='bbox 814 3984 880 4039; x_wconf 88' lang='lat' dir='ltr'>et</span> <span class='ocrx_word' id='word_1_349' title='bbox 922 3975 993 4038; x_wconf 91' lang='lat' dir='ltr'>in</span> <span class='ocrx_word' id='word_1_350' title='bbox 1039 3974 1341 4039; x_wconf 90' lang='lat' dir='ltr'>omnibus</span> <span class='ocrx_word' id='word_1_351' title='bbox 1388 3976 1537 4040; x_wconf 87' lang='lat' dir='ltr'>aliis</span> <span class='ocrx_word' id='word_1_352' title='bbox 1584 3976 1832 4058; x_wconf 87' lang='lat' dir='ltr'>castris,</span> <span class='ocrx_word' id='word_1_353' title='bbox 1903 3976 2094 4039; x_wconf 90' lang='lat' dir='ltr'>bonis</span> <span class='ocrx_word' id='word_1_354' title='bbox 2155 3984 2220 4040; x_wconf 89' lang='lat' dir='ltr'>et</span> <span class='ocrx_word' id='word_1_355' title='bbox 2278 3974 2800 4061; x_wconf 83' lang='lat' dir='ltr'>possessionibus</span> <span class='ocrx_word' id='word_1_356' title='bbox 2853 3965 2916 4031; x_wconf 79' lang='lat' dir='ltr'>ab</span> 
     </span>
     <span class='ocr_line' id='line_1_44' title="bbox 574 4059 2220 4148; baseline 0.002 -25"><span class='ocrx_word' id='word_1_357' title='bbox 574 4060 719 4145; x_wconf 86' lang='lat' dir='ltr'>ipso</span> <span class='ocrx_word' id='word_1_358' title='bbox 765 4059 1027 4126; x_wconf 88' lang='lat' dir='ltr'>domino</span> <span class='ocrx_word' id='word_1_359' title='bbox 1074 4061 1239 4126; x_wconf 88' lang='lat' dir='ltr'>duce</span> <span class='ocrx_word' id='word_1_360' title='bbox 1281 4060 1620 4127; x_wconf 83' lang='lat' dir='ltr'>Bawariae</span> <span class='ocrx_word' id='word_1_361' title='bbox 1663 4084 1840 4126; x_wconf 90' lang='lat' dir='ltr'>nunc</span> <span class='ocrx_word' id='word_1_362' title='bbox 1881 4065 2220 4148; x_wconf 87' lang='lat' dir='ltr'>possessis.</span> 
     </span>
    </p>

    <p class='ocr_par' dir='ltr' id='par_1_17' title="bbox 567 4137 2915 4320">
     <span class='ocr_line' id='line_1_45' title="bbox 751 4137 2915 4234; baseline -0.002 -25"><span class='ocrx_word' id='word_1_363' title='bbox 751 4144 918 4210; x_wconf 90' lang='lat' dir='ltr'>Item</span> <span class='ocrx_word' id='word_1_364' title='bbox 967 4168 1225 4234; x_wconf 89' lang='lat' dir='ltr'>quoque</span> <span class='ocrx_word' id='word_1_365' title='bbox 1271 4148 1576 4213; x_wconf 89' lang='lat' dir='ltr'>dominus</span> <span class='ocrx_word' id='word_1_366' title='bbox 1624 4146 1764 4211; x_wconf 86' lang='lat' dir='ltr'>dux</span> <span class='ocrx_word' id='word_1_367' title='bbox 1805 4149 2213 4213; x_wconf 89' lang='lat' dir='ltr'>renuntiavit</span> <span class='ocrx_word' id='word_1_368' title='bbox 2281 4156 2347 4212; x_wconf 92' lang='lat' dir='ltr'>et</span> <span class='ocrx_word' id='word_1_369' title='bbox 2389 4146 2723 4213; x_wconf 83' lang='lat' dir='ltr'>renuntiat</span> <span class='ocrx_word' id='word_1_370' title='bbox 2767 4137 2915 4207; x_wconf 87' lang='lat' dir='ltr'>omni</span> 
     </span>
     <span class='ocr_line' id='line_1_46' title="bbox 567 4226 2915 4320; baseline 0 -26"><span class='ocrx_word' id='word_1_371' title='bbox 567 4230 709 4316; x_wconf 76' lang='lat' dir='ltr'>Juri</span> <span class='ocrx_word' id='word_1_372' title='bbox 754 4240 820 4296; x_wconf 93' lang='lat' dir='ltr'>et</span> <span class='ocrx_word' id='word_1_373' title='bbox 864 4234 1106 4299; x_wconf 86' lang='lat' dir='ltr'>actioni</span> <span class='ocrx_word' id='word_1_374' title='bbox 1152 4234 1273 4300; x_wconf 85' lang='lat' dir='ltr'>sibi</span> <span class='ocrx_word' id='word_1_375' title='bbox 1316 4242 1381 4301; x_wconf 91' lang='lat' dir='ltr'>et</span> <span class='ocrx_word' id='word_1_376' title='bbox 1424 4232 1781 4303; x_wconf 85' lang='lat' dir='ltr'>heredibus</span> <span class='ocrx_word' id='word_1_377' title='bbox 1827 4235 1964 4301; x_wconf 87' lang='lat' dir='ltr'>suis</span> <span class='ocrx_word' id='word_1_378' title='bbox 2017 4231 2542 4320; x_wconf 88' lang='lat' dir='ltr'>competentibus</span> <span class='ocrx_word' id='word_1_379' title='bbox 2588 4233 2656 4299; x_wconf 89' lang='lat' dir='ltr'>in</span> <span class='ocrx_word' id='word_1_380' title='bbox 2702 4226 2915 4296; x_wconf 73' lang='lat' dir='ltr'>eastris,</span> 
     </span>
    </p>
   </div>
  </div>
 </body>
</html>
