3150 5017
1190 285 1623 356 ...79-

231 458 504 527 dictione
532 458 948 543 assignentur
991 458 1230 540 omnia,
1273 480 1402 546 que
1422 460 1769 545 >configunt
1792 458 2204 543 defunctum3
2230 460 2333 524 sin
2354 467 2595 542 autem,

230 566 374 630 pars
416 544 730 610 bonorum
775 543 1038 610 illorum
1085 546 1276 612 tertia
1320 568 1438 632 pro
1481 549 1705 612 anima
1763 546 2056 612 defuncti
2076 594 2093 625 ,
2154 549 2347 614 tertia
2383 545 2599 632 judici

231 633 415 697 tertia
457 652 611 697 vero
657 631 845 696 cedet
890 633 958 696 in
1003 653 1162 696 usus
1207 632 1511 697 civitatis.
1886 695 1893 700 .

311 803 331 866 l
394 717 492 785 13.
537 717 846 868 Libefum
891 739 1154 804 quoque
1197 717 1468 785 habebit
1511 717 1851 785 arbitrium
1898 717 2181 800 advena,
2222 717 2601 805 ubicunque

231 825 307 880 vo
337 805 500 867 uerit
545 826 614 869 se
665 825 700 869 e
731 805 827 867 iri.

393 891 491 956 14.
513 826 770 956 Pieli-‚uit
791 891 990 959 etiam
1017 890 1388 957 celsitudini
1410 899 1693 965 nostrae,
1718 912 1802 957 ne
1824 889 2083 956 advena
2112 898 2342 958 contra
2364 892 2594 967 civem,

228 997 338 1040 nec
402 977 563 1040 civis
618 985 848 1042 contra
907 975 1233 1042 advenam
1289 976 1560 1042 inducat
1628 977 2072 1042 testimonium
2133 977 2415 1059 illorum,
2476 977 2591 1063 qui

228 1062 518 1126 dicuntur
564 1061 889 1128 litcouf
898 1084 933 1127 e
949 1085 1001 1145 r,
1046 1064 1172 1127 nisi
1220 1063 1394 1128 viros
1440 1063 1749 1128 honestos
1794 1062 2036 1128 habeat
2084 1085 2231 1128 cum
2274 1064 2427 1129 illis.

389 1149 485 1215 15.
511 1147 834 1214 Volumus
855 1151 1071 1230 etiam,
1092 1157 1165 1214 ut
1187 1148 1410 1214 nullus
1430 1148 1674 1235 hospes
1696 1149 1781 1214 ad
1804 1171 1975 1214 vena
1998 1171 2192 1236 super
2236 1149 2456 1216 debito
2489 1148 2597 1215 vel

229 1257 603 1322 quacunque
650 1257 851 1300 causa
895 1238 1104 1320 possit
1147 1235 1460 1307 inducere
1503 1237 1952 1301 testimonium
1996 1236 2400 1302 advenarum
2442 1257 2595 1303 con·

226 1332 316 1385 tra
359 1322 558 1400 cives,
606 1323 733 1386 nisi
780 1343 928 1386 cum
979 1321 1253 1388 advenis
1299 1322 1538 1388 habeat
1582 1343 1789 1387 unum
1832 1324 2041 1388 civem
2088 1323 2195 1388 vel
2241 1323 2484 1410 plures.

391 1410 486 1473 16.
533 1407 970 1473 Decrevimus
1037 1409 1254 1490 etiam,
1315 1417 1387 1473 ut
1429 1407 1713 1474 XXIIII
1756 1409 2000 1474 civium
2044 1409 2243 1494 jurati
2289 1409 2371 1474 de
2419 1432 2591 1476 mer-

231 1501 366 1558 catu
409 1504 472 1560 et
513 1493 688 1577 aliis,
736 1515 906 1580 quae
951 1495 1036 1558 ad
1082 1495 1393 1559 honorem
1441 1506 1506 1560 et
1547 1495 1899 1560 utilitatem
1942 1496 2273 1583 pertinent
2288 1497 2592 1579 civitatis,

229 1602 332 1665 pro
365 1581 628 1666 ingenio
662 1603 780 1646 suo
818 1579 1096 1646 debeant
1127 1580 1407 1646 fideliter
1451 1580 1777 1662 ordinare,
1805 1603 2083 1667 quorum
2116 1582 2592 1647 ordinationem

228 1686 338 1730 nec
360 1667 568 1753 judex
599 1688 724 1732 nec
753 1669 929 1732 cives
961 1689 1086 1732 nec
1119 1667 1286 1732 alter
1331 1668 1654 1755 quispiam
1700 1667 2001 1751 irritabit,
2048 1669 2223 1754 quod
2253 1671 2367 1755 qui
2399 1690 2588 1756 prae-

229 1755 560 1840 sumpserit
589 1762 998 1840 attemptare,
1029 1752 1244 1819 solvat
1264 1755 1478 1840 judici
1521 1775 1801 1841 poenam
1848 1754 1931 1818 ab
1979 1755 2226 1820 eisdem
2262 1762 2590 1828 statutam.

386 1841 483 1905 17.
527 1840 978 1927 Praecipimus
1043 1842 1340 1926 insuper,
1408 1849 1479 1905 ut
1542 1839 1727 1927 apud
1784 1861 2243 1928 quemcunque
2315 1843 2591 1908 inventa

229 1923 408 1991 fuerit
465 1928 719 2012 iniusta
778 1947 1082 1992 mensura
1139 1928 1246 1991 vel
1313 1927 1560 1992 in‘usta
1604 1926 1765 1992 ulna
1808 1926 1916 1992 vel
1963 1926 2231 2014 aliquod
2276 1928 2593 2015 injustum

229 2033 416 2096 genus
460 2011 793 2100 ponderis,
829 2011 1042 2099 judici
1090 2012 1302 2078 solvat
1345 1949 1410 2077 K}
1451 2012 1721 2078 talenta.
2215 2073 2221 2078 .

389 2101 484 2165 18.
529 2100 720 2182 Item,
767 2098 1088 2182 volumus,
1135 2107 1207 2164 ut
1251 2101 1626 2186 quicunque
1672 2098 1754 2163 de
1798 2099 2004 2165 altero
2050 2100 2119 2163 in
2167 2101 2434 2166 civitate
2459 2121 2592 2164 mo-

229 2205 373 2249 vens
436 2187 967 2273 quaeremoniam
1033 2187 1114 2250 de
1183 2207 1572 2273 quacunque
1639 2183 2017 2269 hereditate,
2082 2186 2223 2252 sive
2268 2187 2349 2250 de
2395 2185 2590 2252 domo

227 2271 321 2334 vel
363 2294 400 2336 a
477 2294 534 2356 0,
582 2271 689 2338 vel
734 2271 1110 2337 molendino
1155 2272 1261 2337 vel
1308 2275 1520 2355 vinea,
1565 2272 1992 2357 fidejussores
2036 2270 2345 2338 exhibeat
2374 2272 2590 2359 judici

230 2379 335 2442 pro
485 2359 772 2440 talentis,
819 2357 996 2445 quod
1041 2357 1315 2424 eandem
1363 2359 1879 2445 quaerimoniam
1924 2367 2377 2446 prosequatur.

387 2446 480 2511 19.
527 2446 926 2534 Quicunque
975 2444 1223 2510 bonum
1267 2445 1617 2528 hominem,
1664 2447 1773 2532 qui
1821 2467 1955 2511 non
1999 2445 2126 2511 fuit
2150 2446 2229 2510 de
2260 2445 2585 2512 honestio-

225 2529 390 2596 ribus
445 2530 756 2616 civitatis,
820 2531 1052 2597 caedat
1107 2530 1421 2614 fustibus,
1473 2531 1689 2617 judici
1745 2532 2085 2614 talentum,
2146 2531 2456 2617 fustigato
2520 2533 2592 2598 II

229 2617 552 2700 persolvet,
604 2618 711 2684 vel
757 2627 1082 2705 expurget
1127 2641 1198 2684 se
1243 2620 1635 2684 met-tertius
1680 2615 2101 2683 honestorum
2148 2620 2457 2685 virorum.

386 2705 483 2770 20.
510 2705 589 2771 Si
611 2702 849 2791 aliquis
872 2706 1044 2771 infra
1067 2715 1253 2792 septa
1277 2705 1448 2770 muri
1471 2704 1723 2770 habens
1742 2705 1949 2770 XXX
1994 2705 2259 2787 talenta,
2303 2705 2587 2771 fustibus

227 2808 437 2856 caesus
477 2791 698 2875 fuerit,
743 2799 1086 2878 suspectus
1132 2793 1241 2857 det
1275 2791 1488 2877 judici
1532 2791 1663 2856 duo
1700 2790 1967 2874 talenta,
2014 2813 2205 2858 caeso
2238 2792 2300 2857 V
2321 2791 2589 2876 talenta,

229 2874 320 2946 vel
361 2889 698 2964 expurget,
745 2901 812 2943 se
858 2885 1329 2965 met-quartum
1373 2877 1797 2943 bonestorum
1843 2879 2113 2944 civium.

383 2965 480 3031 21.
527 2964 605 3030 Si
647 2963 870 3051 aliqua
897 2965 1058 3032 levis
1102 2965 1210 3030 vel
1255 2962 1603 3030 inhonesta
1692 2985 1928 3030 ersona
1992 2963 2337 3030 verberata
2368 2964 2586 3047 fuerit,

230 3069 378 3132 quae
419 3049 541 3117 hoc
587 3051 804 3136 ipsum
849 3051 1017 3116 forte
1063 3074 1182 3117 sua
1227 3051 1465 3117 meruit
1508 3053 1653 3116 inso
1686 3053 1901 3116 entia:
1956 3051 2012 3118 si
2069 3058 2415 3136 suspectus
2460 3050 2585 3115 hoc

228 3135 481 3218 probare
524 3133 769 3224 poterit
813 3140 1202 3204 met-tertius
1223 3139 1382 3204 viris
1406 3136 1851 3219 credibilibus,
1899 3137 2066 3203 liber
2110 3139 2233 3202 erit
2276 3158 2317 3201 a
2348 3135 2581 3223 judice

232 3228 289 3285 et
330 3231 558 3290 actore.

387 3309 485 3376 22.
515 3315 686 3374 Item
734 3313 807 3392 si,
854 3310 1092 3396 aliquis
1117 3312 1421 3399 cuiquam
1458 3311 1723 3392 civium,
1756 3311 1869 3396 qui
1912 3319 2133 3374 tamen
2179 3330 2311 3374 non
2358 3319 2458 3377 est
2502 3311 2585 3376 de

228 3389 692 3462 honestioribus
759 3419 951 3480 unus,
1015 3399 1412 3483 percusserit
1470 3394 1579 3462 ala
1628 3419 1767 3461 am:
1820 3395 2033 3482 judici
2080 3396 2191 3461 det
2236 3395 2580 3464 dimidium

226 3478 542 3565 talentum,
594 3504 908 3569 percusso
951 3485 1303 3566 talentum3
1351 3491 1416 3550 et
1476 3485 1531 3548 si
1619 3505 1811 3549 aesus
1853 3483 2298 3548 testimonium
2348 3483 2588 3569 produ·

233 3585 364 3632 cere
400 3568 685 3634 voluerit
728 3579 956 3635 contra
999 3569 1206 3645 illum,
1253 3578 1317 3635 et
1363 3570 1419 3635 si
1463 3591 1660 3636 versa
1702 3570 1847 3634 vice
1893 3568 2061 3634 alter
2103 3590 2247 3634 sese
2309 3570 2589 3634 voluerit

233 3671 604 3740 expurgare,
654 3664 974 3744 expurget
1017 3677 1088 3721 se
1133 3658 1523 3722 met-tertius
1569 3653 1997 3722 credibilibus
2043 3656 2221 3720 viris.

383 3741 482 3806 23.
527 3742 922 3829 Quicunque
963 3741 1230 3808 domum
1260 3744 1528 3809 alterius
1561 3743 1783 3823 armis,
1839 3740 2120 3806 ballistis
2152 3739 2260 3806 vel
2300 3739 2586 3806 arcubus

233 3829 554 3894 temerarie
592 3829 910 3895 invadere
954 3831 1444 3917 presumpserit,
1489 3838 1556 3896 et
1600 3831 1657 3894 si
1700 3827 1913 3916 ipsam
1958 3826 2372 3892 invasionem
2432 3849 2580 3913 pas·

235 3929 334 3974 sus
371 3913 679 3999 injuriam
723 3937 871 3980 cum
918 3917 1152 3981 vicinis
1198 3917 1332 3981 suis
1373 3915 1665 3983 honestis
1681 3914 2086 4000 probaverit:
2128 3915 2217 3977 rei
2264 3922 2580 4000 tanquam

237 3991 308 4060 de
361 3997 704 4068 homicidio
747 4003 1141 4089 puniantur;
1203 4004 1258 4068 si
1301 4023 1458 4070 vero
1504 4001 2021 4089 quaerimoniam
2070 4021 2253 4064 suam
2300 4001 2581 4068 testibus

235 4101 354 4146 non
395 4090 628 4170 poterit
673 4088 1119 4178 comprobare,
1169 4088 1383 4175 judici
1449 4087 1518 4152 II
1563 4086 1828 4170 talenta,
1889 4107 2093 4150 unum
2140 4086 2393 4153 civitati
2435 4110 2585 4175 per-

237 4167 460 4256 rolvet3
503 4175 561 4238 si
605 4197 762 4240 vero
789 4176 869 4255 de
892 4177 1236 4242 invasione
1281 4174 1512 4241 domus
1558 4173 2071 4260 quaerimoniam
2116 4172 2317 4259 plane
2361 4197 2586 4256 move-x

239 4255 332 4336 sit,
375 4270 708 4345 suspectus
756 4261 1012 4328 duabus
1059 4262 1280 4347 digitis
1326 4283 1395 4328 se
1441 4259 1855 4348 expurgabit.
