3150 5017
528 324 665 373 m.
709 326 810 373 111.
1487 346 1576 358 —-
1662 306 1796 375 364
1882 346 1968 357 —

529 480 761 547 arrhae
827 481 1094 546 nomine
1162 500 1283 567 per
1347 490 1707 569 emptorem
1776 481 1991 563 datur,
2066 501 2201 545 non
2248 502 2324 545 eo
2372 482 2675 569 pertinet,
2784 477 2911 544 uod

537 569 684 635 sine
730 566 927 633 arrha
973 568 1324 633 conventio
1369 567 1534 633 nihil
1582 568 1898 655 proficiat,
1946 567 2062 634 sed
2110 576 2184 633 ut
2236 566 2608 633 evidentius
2650 580 2769 653 pro
2821 564 2914 630 ari

526 655 732 742 possit
779 654 1238 722 contrahentes
1283 654 1366 721 de
1412 656 1623 741 pretio
1683 656 2091 722 convenisse.
2183 654 2357 737 Quia
2421 653 2601 741 quod
2668 652 2904 718 arrhae

529 743 797 807 nomine
842 741 1056 823 datur,
1102 750 1202 807 est
1255 741 1672 809 solummodo
1732 750 2190 828 argumentum
2252 742 2603 827 emptionis
2648 749 2715 806 et
2756 760 2910 805 ven-

530 826 798 895 ditionis
858 838 1273 912 contractae,
1343 838 1408 896 et
1474 829 1652 917 quod
1718 829 2061 911 venditur,
2130 818 2283 894 non‘
2328 829 2521 895 aliter
2591 826 2913 914 accipien-

529 912 684 979 dum
754 916 856 997 sit,
925 937 1120 1003 quam
1183 917 1239 980 si
1301 926 1415 981 aut
1480 917 1763 1002 pretium
1826 916 2110 981 solutum
2180 916 2284 995 sit,
2346 924 2463 981 aut
2527 938 2603 980 eo
2648 914 2913 979 nomine

529 1000 937 1067 satisfactum
964 1050 979 1080 ,
1041 1011 1156 1068 aut
1221 1004 1419 1069 etiam
1485 1002 1680 1069 fidem
1750 1002 2173 1068 habuerimus
2235 1004 2514 1089 emptori
2578 1001 2719 1067 sine
2776 998 2915 1064 ulla

529 1088 996 1172 satisfactione,
1058 1097 1123 1154 et
1187 1097 1347 1155 tunc
1414 1092 1613 1155 etiam
1686 1089 1979 1176 perfecta
2039 1098 2139 1155 est
2205 1090 2450 1176 emptio
2516 1108 2659 1175 per·
2692 1086 2914 1153 omnia

529 1183 595 1241 et
639 1174 983 1261 completa.
1065 1176 1158 1241 Et
1201 1197 1287 1241 ex
1329 1184 1488 1242 tunc
1533 1198 1727 1243 omne
1772 1177 2249 1242 incrementum
2297 1184 2410 1241 aut
2452 1174 2915 1241 detrimentum

527 1262 626 1327 rei
683 1270 942 1348 emptae
1003 1284 1152 1327 cum
1214 1285 1334 1329 sua
1393 1285 1595 1331 causa
1666 1265 1736 1327 in
1806 1270 2168 1350 emptorem
2242 1263 2670 1345 transfertur,
2741 1280 2913 1348 quae

529 1356 705 1416 esset
777 1350 1033 1431 futura,
1093 1351 1148 1415 si
1209 1349 1386 1438 apud
1459 1350 1871 1417 venditorem
1933 1372 2012 1417 ea
2068 1372 2171 1416 res
2243 1348 2747 1438 permansisset,
2808 1346 2908 1412 id·
3022 1380 3033 1391 ·

527 1457 656 1523 que
714 1443 853 1501 toto
911 1444 1135 1503 nostro
1189 1437 1342 1522 jure
1397 1438 1492 1503 ita
1537 1460 1607 1504 se
1650 1437 1869 1518 habet,
1931 1459 2084 1501 nam
2130 1438 2287 1523 quia
2330 1459 2433 1503 res
2476 1441 2717 1503 transit
2759 1454 2913 1499 cum

528 1542 646 1588 suo
707 1542 907 1589 onere
969 1531 1034 1590 et
1092 1522 1357 1591 honore.
1446 1528 1510 1607 ξ.
1556 1531 1615 1592 3.
1676 1524 1759 1589 In
1818 1522 2309 1590 venditionibus
2352 1532 2417 1590 et
2461 1520 2911 1609 emptionibus

527 1630 921 1676 consensum
967 1609 1286 1698 praebere
1350 1622 1416 1677 et
1479 1612 1890 1677 intercedere
1957 1610 2175 1698 palam
2243 1620 2382 1696 est3
2450 1613 2591 1676 sive
2652 1616 2909 1674 contra·

525 1695 757 1761 hentes
819 1698 888 1761 in
955 1698 1102 1784 ipsa
1156 1700 1486 1785 emptione
1557 1698 1973 1779 dissentiunt,
2042 1699 2183 1763 sive
2225 1699 2295 1762 in
2340 1699 2569 1783 preti0,
2638 1697 2785 1761 sive
2844 1697 2913 1760 in

527 1781 750 1869 aliquo
809 1782 960 1864 alie,
1021 1806 1124 1850 em
1173 1786 1265 1850 tio
1325 1784 1711 1871 imperfecta
1770 1793 1899 1865 est3
1962 1786 2016 1849 si
2063 1786 2239 1850 enim
2284 1792 2541 1871 emptor
2584 1782 2801 1849 credit
2846 1803 2913 1847 se

527 1890 743 1936 emere
851 1880 1022 1938 artes
1081 1807 1338 1959 aiiquas
1401 1873 1472 1935 in
1531 1870 1725 1937 laneo
1787 1871 1968 1936 civili
2032 1880 2099 1937 et
2158 1870 2463 1937 venditor
2528 1870 2777 1937 vendat
2844 1870 2913 1933 in

526 1953 721 2023 laneo
765 1979 804 2022 a
854 1955 1061 2025 batis:
1106 1959 1216 2024 hic
1257 1960 1329 2025 in
1375 1980 1648 2045 corpore
1673 1959 2078 2043 dissentitur,
2123 1980 2279 2045 ergo
2304 1959 2548 2045 emptio
2573 1956 2759 2024 nulla
2790 1964 2911 2023 est.

699 2480 760 2559 §-
804 2476 867 2541 4.
935 2474 1139 2542 Plane
1186 2476 1239 2540 si
1283 2477 1354 2541 in
1398 2476 1666 2541 nomine
1710 2483 1994 2541 erratum
2058 2476 2163 2557 sit,
2224 2473 2308 2541 de
2374 2496 2647 2560 corpore
2691 2483 2909 2542 autem

527 2568 802 2645 constat,
869 2561 1054 2627 nulla
1121 2562 1445 2629 dubitatio
1513 2572 1632 2645 est,
1693 2564 1853 2648 quin
1899 2564 2144 2651 emptio
2202 2560 2421 2628 valeat
2463 2570 2530 2627 et
2592 2562 2908 2643 venditio,

525 2646 646 2713 tali
671 2646 874 2713 dubio
957 2670 1090 2713 non
1183 2649 1523 2733 obstant03
1608 2647 1773 2714 nihil
1856 2650 2030 2716 enim
2115 2648 2392 2735 impedit
2457 2669 2639 2714 error
2704 2648 2909 2714 nomi·

532 2736 639 2799 nis
685 2744 1115 2813 contractum,
1162 2736 1217 2801 si
1265 2735 1348 2801 de
1393 2757 1668 2821 corpore
1712 2743 1965 2801 tantum
2015 2743 2291 2819 constet,
2346 2740 2509 2823 quia
2551 2737 2623 2799 in
2666 2756 2907 2821 corpus

527 2842 924 2887 consensum
971 2829 1088 2887 est.
1177 2820 1356 2888 Illud
1419 2831 1639 2887 autem
1699 2821 2162 2911 imperfectum
2210 2844 2354 2889 esse
2400 2830 2660 2888 constat
2705 2842 2906 2907 nego-

525 2909 710 2991 tium,
757 2930 906 2974 cum
939 2930 1157 2975 emere
1202 2908 1452 2975 volenti
1497 2909 1594 2974 sic
1634 2909 1940 2975 venditor
1964 2908 2157 2975 dicit:
2205 2909 2450 2991 Quanti
2474 2906 2661 2991 velis,
2708 2928 2905 2994 quem

527 3002 769 3082 equum
827 2997 1183 3082 putaveris,
1245 3005 1361 3061 aut
1420 2996 1650 3082 quanti
1718 2997 2187 3072 aestimaveris,
2248 2994 2525 3061 habebis
2586 3005 2904 3082 emptum.

527 3086 586 3165 ξ.
631 3082 695 3148 5.
767 3082 1128 3149 Sciendum
1191 3090 1296 3151 est
1352 3086 1549 3165 enim,
1616 3082 2082 3148 obscuritatem
2146 3083 2323 3168 pacti
2385 3102 2624 3147 nocere
2664 3084 2903 3169 -potius

441 3245 456 3259 ο
528 3167 766 3235 debere
831 3170 1196 3251 venditori,
1263 3170 1377 3255 qui
1439 3170 1508 3235 id
1569 3168 1769 3245 dixit,
1847 3191 2044 3256 quam
2096 3170 2422 3255 emptori,
2482 3170 2641 3255 quia
2684 3169 2897 3255 potuit

525 3278 596 3321 re
650 3258 912 3341 integra
985 3257 1318 3341 negotium
1395 3257 1619 3342 aptius
1691 3254 2059 3333 declarare3
2129 3278 2283 3321 nam
2360 3276 2572 3320 sermo
2650 3255 2895 3320 dubius

526 3342 916 3429 regulariter
981 3341 1510 3427 interpretandus
1591 3352 1691 3408 est
1773 3344 1845 3407 in
1979 3342 2415 3428 raejudicium
2482 3340 2893 3428 proferentis·

525 3429 801 3515 Semper
873 3429 1051 3495 enim
1125 3428 1213 3495 ad
1280 3449 1692 3494 communem
1768 3428 1928 3495 intel
1958 3438 2176 3495 ectum
2240 3428 2591 3495 verborum
2679 3450 2891 3494 recur-

525 3516 803 3582 rendum
881 3524 1010 3591 est,
1083 3525 1152 3581 et
1224 3514 1427 3581 verba
1501 3518 1571 3580 in
1646 3536 1723 3581 eo
1804 3537 2000 3581 sensu
2062 3524 2289 3581 tenere
2348 3513 2611 3599 debere,
2690 3536 2883 3603 quem

528 3602 743 3669 solent
800 3611 978 3669 recte
1039 3600 1564 3688 intelligentibus
1609 3624 1959 3689 genera-03
2015 3605 2159 3687 jam
2205 3624 2338 3666 non
2389 3601 2711 3667 debemus
2756 3622 2895 3667 ver·

529 3689 685 3754 bum
733 3712 820 3755 ex
863 3687 1090 3771 verbe,
1138 3689 1256 3755 sed
1302 3710 1568 3755 sensum
1615 3712 1701 3755 ex
1746 3711 1943 3755 sensu
1974 3687 2369 3767 transferre3
2417 3690 2571 3774 quia
2619 3687 2899 3775 plerum-

529 3796 657 3862 que
731 3776 886 3841 dum
954 3777 1323 3862 proprietas
1390 3775 1743 3841 verborum
1811 3774 2207 3857 attenditur,
2297 3796 2530 3851 sensus
2604 3774 2899 3841 veritatis

529 3862 881 3947 amittitur;
927 3884 1081 3927 nam
1126 3864 1193 3927 in
1239 3864 1417 3927 omni
1465 3871 1804 3929 contractu
1849 3861 2054 3928 verba
2099 3861 2483 3927 deserviunt
2527 3861 2897 3940 intentioni,

529 3956 594 4014 et
638 3950 707 4013 in
744 3950 897 4035 jure
944 3949 1150 4013 nimia
1211 3948 1542 4015 sub-tilitas
1588 3942 2013 4037 ⁸reprobatur.
2104 3952 2166 4031 ξ.
2203 3950 2275 4014 ,6.
2332 3948 2497 4014 Item
2546 3958 2895 4035 antequam

525 4034 598 4099 fit
642 4036 934 4123 perfecta
980 4037 1223 4122 emptio
1270 4044 1337 4101 et
1380 4036 1695 4113 venditio,
1742 4057 1894 4101 cum
1940 4034 2161 4100 adhuc
2196 4034 2379 4101 locus
2426 4036 2513 4099 sit
2557 4038 2891 4121 poeniten-

513 4123 675 4206 tiae,
722 4131 940 4209 potest
984 4132 1238 4208 emptor
1283 4121 1392 4188 vel
1439 4123 1746 4189 venditor
1791 4124 1935 4187 sine
1979 4143 2194 4208 poena
2238 4120 2547 4189 recedere
2576 4121 2676 4188 -ab
2721 4143 2893 4219 emp-

527 4211 709 4275 tione
757 4208 863 4275 vel
898 4209 1316 4293 venditione;
1364 4210 1454 4275 ita
1501 4218 1725 4276 tamen
1772 4210 2041 4296 impune
2084 4208 2395 4275 recedere
2437 4210 2533 4274 eis
2578 4210 2889 4295 permitti-

525 4316 687 4377 mus,
734 4298 860 4361 nisi
898 4301 1037 4376 jam
1088 4296 1430 4362 arrharum
1455 4298 1722 4362 nomine
1751 4295 2000 4380 aliquid
2026 4295 2512 4375 datumfuerit3
2559 4295 2683 4360 hoc
2722 4297 2893 4358 enim
