3150 5017
426 3116 441 3208 o-——w
426 2942 439 3110 -ι--ικ-..Ὰ
431 2721 445 2937 amm,

1532 295 2005 364 ..204-

748 472 853 536 42.
922 477 982 554 g.
1030 473 1089 536 1.
1158 471 1291 552 Qui
1346 470 1539 538 alteri
1601 472 1890 538 minatur
1951 471 2330 540 incendium
2389 491 2611 538 coram
2655 469 2919 556 honestis

577 557 756 638 viris,
826 559 938 644 qui
1004 557 1283 624 audiunt
1304 585 1321 620 :
1386 555 1499 624 ille
1566 558 1674 624 cui
1722 558 1934 624 minae
1999 557 2176 641 facit,
2234 559 2290 624 ai
2334 556 2494 642 vult,
2539 566 2762 646 potest
2798 580 2924 624 eum

581 645 969 712 convincere
1018 655 1152 711 met
1194 647 1441 713 tertius.
1486 651 1547 730 ἓ.
1595 647 1653 713 2.
1701 645 1772 714 Si
1799 653 2018 712 autem
2041 666 2175 711 non
2193 645 2356 721 vult,
2402 646 2558 733 quia
2601 645 2770 717 forte
2809 667 2923 712 non

580 731 849 808 audivit,
914 739 1030 816 p'er
1089 732 1254 798 alios
1312 742 1447 800 tres
1504 735 1683 800 viros
1745 733 1858 820 qui
1903 732 2274 815 audierunt,
2319 735 2535 820 ipsum
2580 733 2922 798 convincet.

747 817 850 883 43.
898 818 1029 900 Qui
1074 819 1271 884 alicui
1315 819 1576 907 alapam
1620 819 2044 906 indignanter
2088 818 2344 888 dederit
2400 819 2510 886 vel
2567 818 2658 886 ad
2723 817 2924 886 dentes

577 909 991 1010 percusserit,
1051 905 1263 973 tribus
1334 906 1613 972 testibus
1687 907 2032 972 convictus
2107 908 2312 973 actori
2384 905 2572 973 dabit
2633 929 2920 991 marcam,

568 991 781 1078 Judici
826 1013 1133 1078 marcam,
1172 993 1415 1082 juratis
1461 992 1799 1060 dimidiam
1848 1015 2159 1059 marcam.

746 1097 849 1162 44.
894 1095 967 1164 Si
1033 1096 1179 1185 quie
1238 1093 1491 1163 habens
1534 1095 1916 1184 legitimam,
1960 1100 2030 1164 in
2076 1098 2206 1164 alia
2249 1105 2424 1162 terra
2467 1096 2674 1163 aliam
2719 1119 2924 1186 super·

578 1183 857 1264 duxerit,
902 1185 1091 1250 couvi
1100 1192 1243 1250 ctus
1290 1183 1743 1250 decollabitur.

747 1271 853 1336 45.
914 1269 984 1336 Si
1047 1271 1225 1338 filius
1284 1281 1399 1345 aut
1456 1271 1594 1336 filia
1653 1271 1850 1357 alicuj
1858 1294 1939 1337 us.
1997 1271 2384 1358 religionem
2443 1273 2836 1337 intraverint
2873 1279 2929 1337 et

618 1357 850 1511 rffesssi
882 1356 1173 1509 tfuerint,
1234 1369 1382 1446 post
1439 1367 1715 1425 mortem
1777 1367 2125 1445 parentum
2185 1358 2267 1423 de
2324 1358 2517 1425 bonis
2587 1359 2725 1424 suis
2786 1357 2929 1424 nihil

620 1467 659 1510 a
706 1465 741 1510 e
790 1466 880 1509 un
914 1493 928 1507 .

741 1549 848 1615 46.
893 1549 1133 1615 Nullus
1179 1548 1461 1615 hominis
1500 1549 1698 1632 filius,
1747 1571 1978 1615 servus
2023 1549 2130 1616 vel
2177 1549 2446 1632 amicus,
2479 1552 2594 1636 qui
2637 1571 2760 1616 suo
2803 1569 2931 1614 ves·

574 1637 744 1702 citur
802 1657 995 1722 pane,
1054 1634 1203 1718 plus
1249 1657 1381 1701 non
1428 1645 1640 1722 potest
1683 1637 2111 1719 detesserare‚
2217 1659 2370 1704 uam
2462 1635 2595 1702 uod
2639 1635 2765 1702 sub
2809 1638 2926 1700 cin-

568 1721 724 1808 gulo
770 1745 887 1788 suo
933 1723 1334 1803 continetur3
1382 1731 1445 1788 et
1484 1724 1602 1810 'qui
1647 1723 1798 1810 plus
1842 1725 1911 1789 in
1953 1726 2102 1811 ipso
2158 1747 2198 1790 a
2224 1725 2379 1812 iquo
2469 1723 2598 1788 udo
2657 1722 2928 1788 lucrabi-

571 1817 699 1892 tur,
760 1807 925 1878 nihjl
967 1808 1254 1876 habebit.

745 1913 849 1979 47.
898 1913 1027 1995 Qui
1086 1933 1236 1978 cum
1288 1913 1475 1980 falsis
1532 1914 1892 1982 tesseribus
1949 1916 2056 1982 vel
2115 1937 2265 1982 eum
2311 1913 2533 2000 aliquo
2578 1912 2750 1980 falso
2793 1914 2928 1979 ludo

573 1999 825 2086 aliquid
883 2000 1177 2066 lucratus
1235 2001 1433 2068 fuerit
1490 2001 1577 2066 ab
1623 2002 1866 2090 aliquo,
1923 2005 2136 2068 victus
2188 2001 2448 2068 duobus
2492 2002 2792 2076 testibus,
2833 2001 2928 2066 ille

572 2089 685 2174 qui
756 2086 1045 2163 vcrdidit,
1104 2088 1173 2152 in
1219 2087 1403 2169 nullo
1476 2087 1604 2155 sibi
1664 2088 2106 2176 respondebit,
2169 2097 2234 2156 et
2276 2085 2626 2155 habebitur
2668 2087 2930 2175 amplius

570 2195 689 2262 pro
781 2182 1097 2260 eceptore,
1144 2183 1209 2240 et
1241 2175 1454 2260 judici
1498 2180 1568 2240 in
1614 2176 1683 2241 X
1726 2175 1953 2242 solidis
1997 2174 2437 2264 respondebit.

744 2279 850 2344 48.
912 2281 973 2360 ἓ.
1024 2279 1080 2342 1.
1142 2277 1216 2343 Si
1273 2281 1420 2365 quis
1486 2302 1728 2366 equum
1789 2301 1979 2347 suum
2039 2281 2219 2364 apud
2263 2278 2552 2365 aliquem
2597 2278 2931 2346 detinuerit

469 2329 474 2396 Ῐ
576 2384 723 2430 cum
765 2365 1019 2448 justitia
1050 2385 1219 2451 quae
1260 2364 1503 2433 dicitur
1546 2389 1964 2434 anevanc:
2005 2367 2212 2452 judici
2259 2365 2444 2432 dabit
2487 2365 2697 2430 XXX
2725 2365 2928 2434 denar.

574 2452 630 2536 ᾖ.
675 2453 738 2516 2.
800 2450 874 2516 Si
930 2458 1150 2516 autem
1212 2451 1324 2516 ille
1386 2453 1563 2535 dicit,
1625 2477 1696 2520 se
1756 2476 1994 2541 equum
2057 2453 2236 2540 apud
2295 2452 2500 2518 alium
2559 2454 2826 2534 emisse,
2878 2461 2928 2517 et

574 2536 663 2602 ad
687 2535 872 2602 illum
896 2540 1041 2602 vult
1064 2537 1410 2622 deducere,
1450 2542 1628 2628 quod
1651 2542 2014 2628 vulgariter
2035 2541 2277 2607 dicitur
2321 2539 2744 2622 schieben‚
2790 2549 2927 2605 tam·

572 2623 687 2689 diu
748 2623 1127 2706 deducetur,
1188 2624 1399 2692 donec
1459 2651 1658 2694 verus
1701 2629 2004 2694 venditor
2045 2628 2441 2703 inveniatur,
2488 2636 2555 2693 et
2596 2636 2759 2693 tunc
2803 2649 2925 2692 cum

570 2711 831 2798 justitia
875 2732 1084 2862 etlluus
1132 2712 1551 2780 obtinebitur.
1617 2719 1676 2798 ξ.
1723 2717 1783 2781 3.
1829 2716 1918 2781 Et
1978 2718 2089 2801 qui
2153 2717 2249 2780 sic
2293 2735 2534 2800 equum
2594 2736 2787 2779 suum
2829 2713 2926 2780 ob-

574 2799 786 2864 tinere
830 2821 915 2862 vo
945 2799 1133 2874 uerit,
1187 2800 1331 2887 ipse
1392 2809 1527 2866 met
1570 2823 1720 2866 eum
1777 2801 2034 2867 duobus
2090 2802 2326 2868 vicinis
2385 2803 2520 2866 suis
2573 2805 2927 2888 juramento

576 2905 771 2969 super
813 2906 1051 2971 equum
1121 2885 1297 2951 facto
1364 2887 1718 2972 obtinebit3
1785 2890 1841 2954 si
1909 2888 2108 2954 fuerit
2175 2889 2340 2954 civis
2409 2909 2559 2952 cum
2623 2888 2766 2955 solo
2827 2909 2926 2974 suo

575 2974 847 3038 concive
907 2981 971 3038 et
1028 2970 1161 3038 alio
1226 2973 1431 3059 probo
1498 2977 1660 3058 viro,
1722 2984 1857 3041 met
1913 2977 2147 3042 tertius
2207 2973 2534 3042 obtinebit
2583 2975 2782 3042 simili
2827 2977 2915 3062 ju-

574 3067 891 3125 ramento.
1120 3066 1125 3074 “

748 3161 852 3228 49.
916 3161 987 3228 Si
1054 3167 1200 3252 quis
1260 3174 1490 3232 contra
1552 3164 1836 3252 aliquem
1897 3161 2162 3249 vulnus,
2225 3164 2401 3254 quod
2449 3165 2692 3230 dicitur
2735 3164 2924 3230 blut-

575 3257 860 3329 runst,
922 3250 1279 3318 obtinuerit
1337 3255 1406 3317 in
1459 3251 1735 3336 judicio,
1799 3253 1977 3319 laeso
2023 3254 2090 3318 in
2140 3251 2416 3317 dimidia
2459 3273 2702 3333 marca,
2740 3249 2927 3340 judici

580 3337 648 3401 in
694 3335 819 3401 LX
866 3337 1115 3420 solidis,
1160 3348 1228 3405 et
1272 3339 1527 3404 cuilibit
1560 3340 1934 3424 juratorum
1979 3341 2049 3404 in
2093 3339 2216 3406 XV
2261 3338 2490 3404 solidis
2504 3337 2924 3427 respondebit.

752 3423 859 3489 50.
932 3424 1003 3490 Si
1078 3428 1226 3512 quis
1288 3449 1405 3513 pro
1471 3447 1569 3490 vo
1589 3425 1612 3489 l
1632 3426 1743 3492 lei
1763 3435 1838 3492 st
1895 3427 2176 3514 alicujus
2242 3426 2572 3492 interfecti
2615 3428 2926 3492 incusatus

576 3511 791 3591 fuerit,
836 3509 1019 3576 solus
1066 3533 1135 3576 se
1179 3515 1251 3578 in
1294 3533 1491 3578 cruce
1514 3513 1936 3598 expurgabit,
1978 3523 2046 3579 et
2058 3515 2117 3580 si
2149 3514 2477 3594 ceciderit,
2525 3511 2925 3601 conquerenti

578 3617 889 3680 marcam,
926 3595 1141 3684 judici
1186 3607 1253 3664 et
1287 3600 1525 3686 juratis
1570 3598 1910 3665 dimidiam
1955 3621 2266 3666 marcam.

751 3685 854 3751 51.
902 3690 961 3768 ξ.
1013 3686 1071 3749 1.
1118 3685 1191 3750 Si
1280 3687 1383 3751 uis
1430 3685 1666 3751 diurno
1711 3695 2006 3774 tempore
2049 3687 2422 3774 manipulos
2479 3689 2923 3773 cujuscumque

552 3763 818 3857 ⁴segetis
864 3771 951 3838 de
994 3773 1175 3858 agris
1222 3794 1261 3836 a
1288 3774 1457 3838 ienis
1502 3772 1824 3840 violenter
1867 3774 1974 3840 vel
2019 3773 2244 3838 furtim
2293 3774 2642 3858 acceperit,
2699 3773 2753 3838 si
2795 3791 2918 3854 rap·

577 3867 682 3922 tus
727 3859 941 3941 fuerit,
986 3858 1085 3924 illi
1134 3861 1325 3925 cu‘us
1372 3861 1516 3945 agri
1562 3868 1735 3943 sunt,
1778 3862 1850 3924 in
1895 3859 2168 3943 fertone,
2214 3869 2280 3924 et
2313 3859 2528 3944 judici
2565 3860 2634 3924 in
2679 3855 2920 3924 dimidio

578 3943 829 4010 fertone
876 3945 1211 4032 responde
1261 3949 1331 4012 it.
1422 3951 1487 4029 ξ.
1530 3949 1591 4014 2.
1637 3946 1708 4012 Si
1753 3955 1974 4014 autem
2017 3957 2340 4015 nocturno
2386 3955 2676 4032 tempore
2720 3944 2920 4030 depre-

576 4032 819 4100 hensus
862 4033 1063 4098 simili
1110 4033 1285 4106 facto
1332 4033 1551 4112 fuerit,
1600 4055 1718 4120 pro
1765 4033 1910 4099 fure
1943 4032 2374 4122 judicabitur.

753 4117 856 4182 52.
926 4125 1003 4202 ξι
1039 4122 1092 4184 1.
1162 4121 1291 4201 Qui
1338 4123 1407 4184 in
1453 4129 1641 4206 prato
1689 4120 2132 4206 deprehensus
2192 4119 2390 4184 fuerit
2434 4125 2622 4183 nocte
2670 4116 2767 4182 vel
2815 4115 2914 4194 die,

504 4239 517 4250 ·
578 4202 663 4266 ad
712 4203 991 4272 'udicem
1036 4208 1143 4272 vel
1189 4209 1273 4272 ad
1308 4206 1638 4294 judicium
1685 4208 1978 4291 ducetur,
2025 4217 2090 4274 et
2133 4207 2355 4289 statim
2403 4204 2486 4288 de
2529 4207 2788 4270 civitate
2812 4223 2911 4266 nec

580 4289 692 4357 icti
742 4311 817 4355 us
885 4313 1009 4358 nec
1064 4293 1355 4378 jactibus
1420 4293 1777 4376 fugabitur,
1829 4293 2008 4373 infra
2066 4315 2312 4376 annum
2373 4313 2526 4375 non,
2550 4310 2916 4377 reversurus.
