3150 5017
1528 276 2002 346 ...mg-

574 444 935 534 laneorum,
998 461 1226 537 postea
1283 456 1424 538 regi
1484 449 1664 535 duos,
1727 450 1992 517 domino
2050 450 2363 518 Heinrico
2425 471 2572 517 cum
2629 448 2892 517 fiatribus

576 540 711 603 suis
756 538 1100 603 antedictis
1144 538 1326 621 duos,
1388 541 1628 625 juratis
1697 538 1862 604 duos
1905 536 2401 606 mensurabunt.

631 670 640 675 ·
751 642 852 708 79.
898 640 970 707 Si
1004 642 1233 709 'autem
1276 645 1451 711 inter
1498 644 1664 709 duos
1725 652 1983 709 montes
2041 650 2454 711 mensuratos
2497 663 2699 709 novus
2739 662 2890 707 mons

577 750 921 795 mensurae
964 729 1381 818 adjudicatus
1429 730 1642 804 fuerit,
1688 739 1756 796 et
1799 729 2084 797 debitam
2121 750 2496 796 mensuram
2542 729 2766 797 habere
2803 748 2893 816 po-

574 818 789 901 tuerit,
836 814 1086 885 scilicet
1126 818 1417 883 omnium
1461 817 1824 899 laneorum,
1871 827 2300 885 mensuretur.
2349 816 2419 884 Si
2459 824 2672 885 autem
2711 814 2896 883 habita

576 923 885 969 mensura
942 902 1193 992 aliquid
1238 904 1645 992 superfuerit,
1719 903 1859 969 scil.
1921 904 2137 969 minus
2195 902 2456 971 duobus
2515 904 2718 973 laneis
2797 900 2898 967 u'od

579 993 816 1056 dicitur
858 990 1295 1067 vbershar,
1342 992 1427 1057 ad
1465 1012 1626 1058 usus
1663 992 1854 1057 cedat
1871 994 2262 1081 juratorum.
2305 992 2377 1058 Si
2400 1013 2555 1057 vero
2602 992 2722 1057 duo
2785 989 2897 1057 anei

576 1088 688 1143 aut
711 1078 951 1165 plures,
997 1080 1372 1144 inventores
1418 1081 1530 1165 qui
1554 1081 1622 1142 in
1649 1081 1742 1145 eis
1766 1077 2088 1156 laborant,
2133 1077 2338 1144 libere
2370 1078 2738 1165 possideant
2753 1097 2899 1143 men-

576 1187 728 1230 sura
771 1166 951 1251 prius
996 1164 1239 1230 habita.

750 1270 851 1335 80.
900 1268 971 1335 Si
1059 1270 1162 1335 uis
1223 1291 1342 1355 per
1407 1291 1800 1337 consensum
1851 1269 2100 1356 judicis
2161 1276 2228 1337 et
2283 1268 2464 1335 illius
2525 1271 2636 1357 qui
2697 1274 2903 1335 montes

580 1356 879 1443 porrigit,
926 1364 1025 1421 sto
1081 1377 1273 1422 onem
1296 1356 1674 1440 initiaverit,
1722 1366 1788 1422 et
1827 1356 1993 1423 alter
2037 1358 2514 1443 superveniens
2535 1364 2688 1423 ante
2725 1358 2904 1444 ipsum

580 1452 769 1508 extra
794 1440 1084 1509 debitam
1111 1464 1509 1521 mensuram,
1541 1467 1630 1509 sc.
1677 1445 1876 1510 trium
1921 1444 2258 1511 laneorum
2319 1453 2385 1512 et
2430 1444 2780 1526 dimidium,
2819 1462 2909 1527 per

584 1530 784 1594 alium
832 1529 1178 1594 stollonem
1224 1528 1330 1595 vel
1421 1553 1491 1595 er
1536 1553 2017 1617 quamcumque
2061 1530 2318 1597 foveam
2332 1536 2340 1542 ”
2381 1536 2558 1617 prior
2617 1527 2908 1599 metallum

579 1618 937 1682 invenerit:
986 1615 1155 1680 datis
1216 1552 1499 1683 testibus
1558 1628 1626 1683 et
1685 1618 2076 1683 examinatis
2137 1638 2506 1684 mensuram
2569 1616 2703 1687 VII
2763 1614 2907 1681 lane·

581 1726 763 1769 orum
807 1702 987 1789 prior
1030 1701 1372 1768 obtinebit.

755 1808 859 1873 81.
902 1805 1321 1893 Quicumque
1366 1809 1785 1875 inventorum
1831 1809 1988 1874 novi
2045 1810 2285 1878 montis
2331 1808 2667 1877 metallum
2711 1816 2771 1874 et
2809 1828 2910 1873 me·

580 1906 760 1961 atum
817 1892 1040 1959 debito
1096 1897 1293 1959 modo
1357 1893 1572 1981 judici
1645 1898 1895 1983 primus
1953 1896 2484 1982 praesentaverit,
2542 1918 2732 1961 nemo
2787 1900 2910 1959 ante

583 1983 801 2068 ipsum
863 1979 973 2045 vel
1019 1990 1168 2069 post
1224 1982 1443 2067 ipsum
1506 1984 1575 2047 in
1639 1985 1850 2070 spatio
1911 1985 2107 2049 unius
2165 1982 2338 2048 lanei
2399 1980 2702 2049 laborare
2761 2000 2912 2069 prae·

584 2075 821 2135 sumat.
904 2066 1036 2148 Qui
1081 2076 1299 2133 autem
1343 2078 1573 2136 contra
1629 2068 2001 2156 hujusmodi
2065 2078 2376 2135 statutum
2434 2068 2608 2137 infra
2649 2066 2910 2154 praedic-

581 2166 712 2220 tam
790 2176 1165 2220 mensuram
1239 2154 1540 2221 laborare
1617 2159 2164 2244 praesumpserit,
2255 2156 2468 2221 omnis
2528 2155 2700 2224 lucri
2766 2153 2913 2219 illius

539 2322 543 2326 p
578 2241 810 2393 fovelae
856 2263 1093 2327 expers
1138 2242 1567 2327 permanebit,
1614 2245 1867 2329 primus
1891 2253 2111 2309 autem
2166 2264 2426 2310 omnem
2461 2243 2786 2329 justitiam
2833 2238 2916 2304 ob-

576 2331 711 2393 tine
758 2329 831 2393 it.

756 2430 963 2517 Cujus
1007 2432 1102 2496 rei
1146 2441 1344 2498 testes
1390 2440 1573 2498 sunt:
1623 2432 1855 2498 Gallus
1901 2432 1983 2498 de
2030 2432 2330 2522 Lipoltiz,
2373 2432 2660 2501 Busiaus
2705 2434 2782 2500 de
2821 2430 2914 2497 Zo-

584 2518 847 2600 biduch,
912 2518 1211 2585 Jursicus
1272 2519 1354 2585 de
1412 2519 1455 2585 J
1457 2520 1727 2601 enicow,
1773 2519 2002 2587 Petrus
2049 2520 2132 2587 de
2198 2520 2372 2607 Hay,
2432 2518 2817 2589 Wintherus
2855 2516 2914 2580 de

583 2604 863 2685 Mahlec,
908 2603 1261 2671 Budislaus
1308 2605 1389 2672 de
1430 2606 2006 2693 Crumatsbingen,
2050 2608 2320 2673 Beneda
2371 2607 2454 2673 de
2497 2607 2913 2695 Marquarfitz,

579 2691 811 2759 Benek
854 2692 936 2759 de
979 2691 1274 2789 Dlussin‚
1318 2692 1694 2759 Natshawei
1741 2692 1822 2759 de
1863 2694 2180 2781 Tupadel.

579 2882 656 2948 Id
751 2796 962 2949 {ctan
980 2817 1137 2861 vero
1198 2805 1353 2862 sunt
1410 2795 1573 2863 haec
1629 2818 1806 2862 anno
1870 2797 2120 2883 gratiae
2179 2797 2769 2875 MOOLXXVIII„
2830 2791 2915 2859 vi.

657 2905 737 2949 us
824 2904 985 2968 umJ.

1639 3167 1648 3179 '
1717 3180 1817 3245 70.

685 3318 954 3402 Pactio
1008 3318 1222 3403 inter
1274 3315 1774 3423 Rudolphum
1828 3340 2094 3423 regem
2149 3322 2231 3401 et
2287 3317 2605 3401 Boemos
2662 3316 2885 3399 facta.

1512 3474 1700 3551 1278,
1745 3496 1834 3539 m.
1877 3473 2022 3540 Oct.

788 3669 975 3722 Mense
1022 3664 1245 3717 Octobri
1288 3667 1419 3717 anni
1468 3668 1603 3719 1278
1649 3666 1788 3717 inter
1831 3664 2172 3731 Budolphum
2208 3679 2390 3730 regem
2424 3665 2517 3729 qui
2550 3663 2837 3720 Premislao
2867 3659 2924 3711 11.

580 3741 638 3789 in
674 3740 791 3791 acie
826 3752 983 3789 caeso
1020 3750 1140 3787 cum
1176 3736 1409 3787 exercitu
1444 3750 1614 3801 usque
1649 3736 1718 3787 ad
1753 3735 1937 3785 urbem
1961 3718 2269 3787 &aslaviam
2305 3736 2364 3784 in
2385 3734 2608 3787 Boemia
2640 3735 2925 3791 accesserat,

580 3824 644 3858 ex
702 3823 813 3859 una
865 3813 918 3858 et
974 3806 1292 3857 Boemorum
1349 3805 1573 3857 barones
1625 3810 1777 3871 parte
1830 3820 1894 3855 ex
1949 3804 2118 3857 altera
2162 3819 2269 3871 pax
2303 3808 2384 3854 est
2418 3808 2594 3873 pacta,
2645 3804 2796 3869 cujus
2829 3800 2921 3866 qui-

584 3878 703 3928 dem
739 3877 1175 3944 pei-scriptionem
1210 3876 1537 3941 ignoramus,
1571 3890 1832 3926 summam
1868 3888 1993 3925 vero
2027 3873 2168 3924 hanc
2200 3873 2366 3924 fuisse
2400 3874 2459 3923 in
2493 3873 2736 3928 Palackii
2767 3872 2923 3922 Histo-

580 3947 675 3997 riis
709 3946 967 4011 legimus:
1018 3947 1065 3996 1.
1115 3944 1421 3997 wenceslai
1470 3944 1543 3995 11.
1591 3944 1814 3995 tutelam
1861 3948 1918 3994 et
1963 3944 2216 3994 Boemiae
2261 3942 2776 3997 administrationem
2821 3940 2924 3991 Otto

584 4015 821 4067 marchio
865 4014 1357 4081 Brundeburgensis
1402 4015 1491 4066 cui
1535 4028 1830 4081 cognomen
1866 4018 1980 4065 erat
2013 4014 2218 4079 Longo,
2253 4014 2310 4063 in
2347 4012 2770 4079 quinquennium
2803 4022 2921 4061 rece·

581 4086 677 4152 pit.
714 4087 764 4135 2.
800 4084 1082 4151 Rudolpho
1116 4086 1229 4151 regi
1264 4083 1334 4135 ad
1370 4088 1610 4151 sumptus
1646 4084 1777 4136 belli
1811 4083 2119 4137 sarciendos
2155 4082 2563 4137 marchionatus.
2584 4081 2852 4134 Mox-aviae
2879 4078 2920 4126 iu

581 4155 725 4206 idem
762 4154 1181 4221 quinquennium
1218 4158 1298 4205 est
1334 4168 1637 4207 concessus.
1690 4156 1740 4205 3.
1786 4153 2022 4204 Henrico
2074 4152 2457 4205 wratislaviae
2482 4150 2612 4209 ‚duci
2644 4148 2921 4219 provinciae

584 4224 900 4277 Gladcensis
934 4224 1104 4275 libera
1139 4223 1263 4274 dum
1295 4224 1509 4288 viveret,
1545 4224 1813 4290 possessio
1849 4222 2046 4275 tradita
2079 4226 2177 4273 est.
2211 4224 2265 4274 4.
2299 4220 2614 4273 Wenceslao
2658 4220 2733 4271 11.
2783 4218 2922 4270 Gutta

580 4294 852 4360 Rudolphi
898 4292 1026 4358 filia,
1073 4291 1343 4359 Rudolphi
1390 4298 1569 4345 autem
1617 4291 1729 4343 filio
1777 4292 1959 4358 Agnes
2010 4290 2313 4344 wenceslai
2361 4306 2509 4344 soros
2554 4290 2815 4356 desponsa
2845 4288 2922 4338 est-
