3150 5017
528 302 663 363 m.
706 316 797 362 tv.
1473 328 1561 344 -·—
1649 294 1778 359 418
1864 330 1952 343 —

532 471 641 544 ris,
687 470 992 554 quamvis
1039 488 1298 553 semper
1351 465 1551 530 fuerit
1610 484 1944 551 praesens,
2010 474 2207 551 neget
2267 486 2336 529 se
2382 462 2592 531 eidem
2638 464 2902 551 aliquod

530 556 805 637 pretium
854 556 1180 629 statuisse,
1227 572 1347 617 nec
1370 551 1539 617 aliae
1586 550 2006 637 probationes
2045 552 2359 631 existant,
2405 559 2626 617 tamen
2657 549 2768 616 ille
2813 550 2902 615 la-

493 664 499 683 ‘
532 641 772 705 borans
819 663 935 726 pro
980 642 1161 705 victu
1206 638 1586 717 cottidiano,
1628 658 1762 703 non
1805 641 2010 722 gratis
2053 639 2492 725 praesumitur
2535 636 2903 717 laborasse3

534 727 709 791 unde
772 748 857 790 ex
917 724 1059 789 sola
1116 746 1417 811 praesum
1472 726 1650 789 tione
1728 724 2032 789 dominus
2095 723 2313 809 operis
2371 723 2583 788 eidem
2650 724 2904 788 solvere

533 814 809 900 pretium
860 812 1157 877 debitum
1202 832 1432 899 compe
1460 809 1650 875 letur.
1739 810 1936 875 Unde
1998 810 2440 895 praesumptio
2485 818 2584 875 est
2629 809 2906 896 alicujus

529 898 924 991 facti'dubii
968 900 1368 985 aliquotiens
1425 896 1796 983 semiplena
1836 907 1900 961 et
1943 893 2338 983 aliquotiens
2399 896 2598 981 plena
2639 897 2909 961 investi·

534 988 733 1071 gatib:
781 989 839 1066 5.
870 986 931 1049 2.
972 985 1101 1050 Sed
1128 985 1293 1049 haec
1334 985 1902 1070 praesumptiones
1935 986 2015 1051 jn
2063 982 2604 1047 extraordinariis
2640 982 2914 1068 judiciis

534 1084 687 1137 sunt
732 1072 1017 1157 optimae
1062 1070 1290 1135 vilium
1354 1091 1700 1136 causarum
1765 1068 2302 1150 dirimendarum,
2371 1070 2524 1155 quia
2577 1068 2796 1156 judex
2841 1069 2907 1132 in

532 1158 635 1223 his
701 1158 916 1223 causis
959 1164 1225 1242 recepto
1272 1180 1313 1221 a
1356 1156 1654 1243 partibus
1692 1157 2070 1240 juramento
2129 1154 2212 1221 de
2282 1156 2558 1245 veritate
2605 1155 2908 1236 dicenda,

534 1254 597 1309 et
642 1245 805 1328 ipsis
851 1244 1267 1317 examinatis,
1312 1244 1530 1307 statim
1592 1264 1678 1306 ex
1727 1243 2254 1327 praesumptione
2301 1243 2517 1307 eliciet
2563 1244 2910 1306 veritatem

538 1330 624 1396 ad
646 1330 842 1395 finem
862 1330 1126 1414 negotio
1144 1330 1638 1415 imponendum.
1686 1330 1831 1410 5.,3.
1859 1328 2025 1393 Item
2044 1330 2113 1392 in
2131 1329 2309 1392 omni
2341 1350 2560 1409 causa,
2577 1348 2748 1413 quae
2772 1349 2911 1391 ver·

534 1418 697 1481 titur
738 1418 910 1481 inter
954 1437 1277 1501 pauperes
1320 1425 1386 1479 et
1411 1424 1730 1501 potentes,
1775 1414 2164 1500 regulariter
2211 1423 2310 1479 est
2345 1436 2459 1499 pro
2486 1414 2912 1501 pauperibus,

529 1502 703 1588 quod
756 1504 1007 1588 justam
1068 1523 1335 1567 causam
1414 1501 1702 1582 foveant,
1763 1500 2337 1587 praesumendum,
2401 1502 2556 1587 quia
2617 1522 2754 1563 non
2818 1508 2916 1565 est

534 1587 910 1663 verisimile,
1003 1609 1279 1674 auperes
1325 1587 1506 1653 litem
1554 1598 1785 1652 contra
1830 1610 1982 1653 suos
2043 1589 2404 1669 instituere,
2452 1588 2579 1651 nisi
2626 1587 2914 1651 necessi-

534 1684 669 1741 tate
730 1696 968 1761 compu
998 1676 1085 1750 si,
1145 1673 1255 1738 vel
1316 1675 1529 1739 ‘etiam
1595 1676 1930 1758 suscipere
1987 1682 2221 1740 contra
2286 1675 2608 1759 potiores,
2671 1672 2916 1759 quibus

529 1782 725 1849 pares
747 1783 892 1827 esse
915 1782 1047 1826 non
1073 1759 1331 1827 debent.
1376 1765 1438 1843 5.
1462 1762 1525 1825 4.
1550 1759 1745 1826 Unde
1762 1760 2020 1845 judices
2043 1768 2108 1827 et
2141 1761 2346 1847 jurati
2389 1781 2522 1825 non
2568 1758 2786 1824 solum
2832 1756 2919 1823 ad

534 1870 735 1913 unam
828 1846 1187 1913 robationis
1232 1849 1517 1933 speciem
1583 1845 1826 1913 debent
1882 1857 2129 1912 motum
2175 1847 2274 1912 sui
2319 1847 2521 1911 animi
2569 1845 2915 1925 inclinare,

532 1933 648 1999 sed
695 1870 941 1999 degent
984 1934 1334 2018 diligenter
1377 1943 1620 1999 cuncta
1684 1934 1928 2014 rimari,
1997 1942 2070 1998 ut
2134 1934 2378 1998 veritas
2467 1934 2915 1997 insinuatione

531 2020 929 2105 litigantium
976 2022 1138 2106 ipsis
1186 2019 1389 2084 dubia
1433 2018 1677 2085 clarius
1735 2019 2108 2099 elucescat3
2155 2020 2310 2105 quia
2354 2018 2470 2083 vix
2515 2027 2630 2093 est,
2675 2028 2758 2083 ut
2805 2039 2914 2083 vo-

533 2106 747 2172 lentes
793 2108 1138 2174 veritatem
1184 2129 1321 2172 non
1367 2108 1709 2171 inveniant
1725 2106 2121 2192 judicantes.
2174 2104 2342 2170 Nam
2367 2114 2534 2171 teste
2559 2103 2916 2170 Salomone

532 2194 778 2278 optima
822 2194 1146 2259 eruditrix
1190 2201 1289 2258 est
1356 2195 1803 2277 praesumptio
1848 2194 2167 2273 veritatis,
2213 2200 2405 2278 prout
2450 2190 2658 2255 multa
2702 2191 2915 2276 ipsius

524 2278 781 2365 judicia
824 2300 940 2365 per
984 2282 1582 2365 praesumptionem
1628 2280 1846 2344 elicita
1893 2278 2330 2345 manifestant.

1506 2591 1678 2673 Gap.
1723 2589 1944 2655 xvn.

1431 2709 1533 2774 De
1568 2710 2010 2794 jurejurando·

706 2883 899 2947 Nunc
942 2892 1159 2948 autem
1207 2883 1552 2947 videamus
1599 2880 1681 2947 de
1740 2880 2196 2968 jurejurandO,
2243 2882 2434 2967 cujus
2480 2903 2639 2945 usus
2685 2878 2921 2943 multa·

536 2992 680 3035 rum
730 2969 940 3034 litium
990 2970 1249 3055 perimit
1293 2970 1729 3053 quaestiones.

710 3060 767 3138 5.
818 3057 872 3120 1.
962 3056 1042 3120 In
1088 3054 1394 3119 omnibus
1438 3056 1614 3118 enim
1661 3054 2105 3120 contractibus
2152 3063 2426 3141 propter
2455 3052 2921 3139 probationum

544 3144 835 3229 inopiam
882 3142 1163 3227 litigium
1211 3140 1536 3206 deciditur
1572 3142 1971 3224 juramento,
2017 3150 2082 3205 et
2126 3142 2193 3205 in
2238 3141 2456 3206 locum
2507 3137 2920 3225 probationis

481 3236 487 3241 ’
535 3227 853 3309 succedit,
912 3227 1177 3315 quando
1238 3226 1668 3292 consideratis
1729 3227 1976 3311 negotii
2022 3236 2088 3291 et
2147 3247 2574 3313 personarum
2637 3227 2918 3289 circum-

543 3316 800 3379 stantiis
848 3314 1198 3399 diligenter
1241 3315 1310 3377 in
1347 3312 1605 3399 judicio
1651 3314 1864 3399 ipsum
1913 3312 2212 3378 alterutri
2249 3313 2528 3398 partium
2567 3311 2792 3396 judex
2816 3310 2922 3373 de·

536 3400 682 3482 fert,
729 3409 844 3464 aut
890 3422 1041 3484 pars
1087 3402 1279 3485 parti,
1313 3397 1541 3484 judice
1588 3398 2030 3484 approbante3
2089 3409 2246 3463 tunc
2306 3402 2502 3465 etiam
2569 3398 2640 3462 in
2701 3395 2921 3461 locum

538 3486 775 3573 plenae
849 3487 1192 3551 solutionis
1268 3484 1594 3566 succedit,
1680 3486 2125 3571 majoremque
2193 3488 2650 3550 auctoritatem
2697 3482 2918 3563 habet,

539 3594 734 3659 quam
782 3595 887 3638 res
932 3572 1168 3638 habeat
1204 3572 1522 3657 judicata.

712 3662 773 3740 5.
842 3661 903 3725 2.
995 3659 1167 3739 Quia
1228 3678 1429 3722 causa
1464 3656 1904 3743 jurejurando
1974 3658 2194 3723 decisa
2257 3666 2602 3742 praetextu
2651 3652 2925 3740 perjurii

541 3746 809 3810 minime
854 3753 1278 3826 retractatui-3
1326 3743 1443 3809 sed
1480 3744 1860 3829 jusjurandi
1905 3743 2240 3829 religionis
2286 3744 2722 3827 transgressio
2769 3742 2926 3805 satis

542 3832 757 3897 Deum
828 3832 1025 3896 habet
1092 3830 1405 3911 ultorem,
1474 3852 1596 3894 nec
1679 3838 1778 3894 est
1851 3829 1932 3896 de
1993 3830 2234 3894 delicto
2279 3832 2577 3913 ejusdem
2641 3827 2926 3890 hominis

542 3919 789 4007 pluries
847 3916 1331 4004 inquirendum,
1394 3936 1472 3981 eo
1556 3917 1729 4002 quod
1779 3916 1927 3980 finis
1977 3918 2172 3980 unius
2219 3938 2456 3982 causae
2500 3914 2774 3981 alterius
2821 3934 2924 3977 ex·

542 4005 797 4071 ordium
844 4024 987 4069 esse
1032 4024 1165 4068 non
1214 4001 1425 4068 debet.

715 4095 777 4174 5.
824 4092 883 4157 3.
974 4090 1384 4176 Quacunque
1444 4097 1668 4154 autem
1729 4091 1872 4175 quis
1950 4089 2262 4174 petitione
2333 4090 2792 4166 conveniatur,
2871 4085 2923 4149 si

535 4178 878 4265 juraverit,
926 4178 985 4243 ei
1030 4177 1325 4263 proficiet
1381 4177 1517 4261 jusj
1530 4176 1894 4241 urandum.'

715 4269 777 4347 5.
836 4266 903 4329 46
942 4262 1294 4331 Sciendum
1342 4271 1463 4346 est,
1506 4284 1678 4346 eum,
1732 4285 1771 4328 a
1815 4283 1946 4349 quo
1983 4261 2452 4348 jusjurandum
2497 4261 2761 4348 petitur,
2810 4278 2924 4344 per
