3150 5017
1362 346 1834 414 ...236-

422 529 489 588 et
538 523 683 608 ejus
728 520 1003 589 heredes
1048 541 1243 588 omne
1278 525 1393 607 jus
1436 521 1930 610 et·dominium,
1990 527 2378 611 potestatem
2425 527 2492 587 et
2535 536 2793 585 omnem

416 607 969 696 jurisdictionem,
1015 631 1185 696 quae
1227 609 1387 675 mihi
1433 617 1500 675 et
1540 608 1896 676 heredibus
1938 610 2104 675 meis
2165 615 2564 697 competunt,
2621 627 2792 671 com-

474 695 745 761 etebant
786 707 853 762 et
895 705 1167 784 possent
1208 699 1276 764 in
1322 697 1615 762 futurum
1663 696 1746 762 de
1789 695 2266 763 consuetudine
2291 704 2660 780 competere
2683 691 2789 758 vel

470 803 508 847 e
544 784 696 866 jure
741 785 809 850 in
859 785 1017 871 ipsis
1042 783 1625 866 marchionatibus,
1669 786 1882 867 terris,
1927 785 2183 866 castris,
2229 781 2629 856 civitatibus,
2673 802 2790 867 op-

422 869 619 1020 pidis,
664 870 841 936 villis
885 878 952 937 et
992 870 1141 936 aliis
1185 870 1561 960 praedictis,
1609 880 1675 936 et
1718 873 1786 937 in
1831 874 2122 959 ipsarum
2169 879 2488 936 terrarum
2535 867 2794 932 baroni-

466 978 567 1038 us,
612 956 1171 1041 ministerialibus,
1219 958 1560 1040 militibus,
1609 959 1968 1025 infeudatio
2014 967 2079 1024 et
2121 978 2256 1022 non
2303 955 2681 1030 infeudatis,
2728 963 2792 1019 et

418 1043 489 1108 in
550 1043 698 1147 aliis
760 1043 1261 1122 habitatoribus,
1317 1055 1457 1112 tam
1522 1045 1878 1123 nobilibus,
1939 1067 2132 1132 quam
2177 1041 2605 1134 popularibus
2647 1041 2791 1106 uni-

411 1151 643 1210 versis,

589 1217 769 1305 (IV.)
818 1220 1091 1285 tradens
1139 1220 1263 1286 sibi
1324 1230 1393 1287 et
1436 1221 1828 1306 promittens
1873 1221 2135 1286 tradere
2180 1221 2402 1283 omnia
2443 1214 2680 1304 privile
2729 1215 2792 1278 'a

413 1313 481 1372 et
539 1306 998 1384 instrumenta,
1062 1316 1195 1372 tam
1256 1307 1792 1374 excellentissimi
1851 1306 2100 1371 domini
2160 1307 2308 1384 mei,
2369 1303 2616 1371 domini
2719 1323 2792 1366 u·

417 1391 645 1478 dolphi
714 1393 887 1479 regis
957 1393 1423 1479 Romanorum,
1493 1415 1690 1482 quam
1752 1394 2024 1459 fratrum
2071 1413 2386 1471 meorum,
2446 1399 2512 1456 et
2569 1390 2793 1453 omnia

415 1478 551 1544 alia
596 1501 744 1546 mea
784 1480 1154 1567 privilegia,
1202 1481 1362 1546 mihi
1409 1504 1608 1569 super
1652 1479 2010 1567 praedictis
2037 1477 2531 1566 principatibus,
2574 1475 2787 1558 terris,

416 1564 744 1644 dominiis,
792 1575 857 1633 et
901 1566 1050 1632 aliis
1095 1566 1400 1635 omnibus
1444 1579 1511 1635 et
1554 1568 1854 1654 singulis,
1900 1589 2064 1654 quae
2123 1568 2542 1632 continentur
2601 1583 2789 1648 supe-

414 1653 574 1729 rius,
634 1677 677 1718 a
736 1653 1265 1743 quibuscumque
1321 1655 1429 1722 vel
1492 1677 1531 1719 a
1591 1676 2006 1742 quocumque
2067 1656 2411 1740 acquisita,
2457 1671 2786 1730 concessa,

418 1739 663 1806 tradita
726 1749 795 1806 et
860 1741 1118 1817 donata,
1188 1742 1312 1808 sibi
1380 1765 1464 1808 ex
1530 1765 1710 1808 nunc
1777 1744 2051 1828 suisque>
2118 1739 2474 1806 heredibus
2547 1737 2788 1802 cedens

420 1825 629 1892 libere
674 1826 755 1893 de
799 1831 1181 1916 praemissis
1224 1829 1530 1895 omnibus
1576 1837 1644 1896 et
1689 1830 1771 1894 de
1817 1829 1975 1916 ipsis
2022 1827 2386 1914 privilegiis
2431 1836 2496 1892 et
2540 1825 2790 1889 instru-

419 1916 691 1998 mentis3
738 1915 830 1979 ita
860 1923 934 1980 ut
956 1916 1202 1982 eisdem
1222 1917 1584 2004 privilegiis
1630 1927 1696 1982 et
1738 1916 2190 1981 instrumentis
2235 1923 2302 1980 et
2338 1916 2490 2000 jure
2533 1933 2679 1976 meo
2723 1919 2791 1977 et

416 1999 731 2066 heredum
782 2023 1096 2085 meorum,
1155 2004 1327 2090 quod
1390 2003 1515 2068 sibi
1576 2014 1642 2069 et
1699 2002 2052 2069 heredibus
2114 2004 2248 2067 suis
2321 2003 2391 2066 in
2437 1998 2790 2087 praedictis

417 2087 1004 2171 marchionatibus,
1071 2093 1285 2173 terris,
1360 2091 1630 2173 castris,
1705 2089 2089 2155 civitatibus
2150 2098 2216 2154 et
2273 2089 2422 2153 aliis
2481 2083 2790 2152 omnibus

423 2173 597 2257 dedi,
662 2175 903 2242 tradidi
972 2185 1040 2241 et
1107 2179 1175 2242 in
1244 2200 1393 2244 eum
1441 2199 1522 2242 ac
1568 2197 1723 2244 suos
1768 2176 2046 2243 heredes
2092 2176 2418 2257 transtuli,
2465 2176 2634 2240 sicut
2679 2193 2789 2236 su-

414 2263 637 2366 perius
702 2272 805 2328 est
870 2285 1273 2350 expressum,
1342 2275 1476 2330 tam
1544 2268 1614 2330 in
1675 2264 1926 2346 judicio
1995 2285 2192 2351 quam
2235 2271 2428 2328 extra
2465 2259 2790 2348 judicium

410 2369 577 2437 ipse.
619 2348 923 2415 dominus
982 2373 1098 2416 rex
1158 2352 1516 2418 Bohemiae
1560 2360 1630 2418 et
1671 2352 1947 2417 heredes
1994 2352 2095 2416 sui
2139 2357 2370 2416 contra
2435 2345 2793 2436 quemlibet

413 2434 743 2502 hominem
790 2445 857 2503 et
902 2438 1280 2523 specialiter
1322 2449 1549 2504 contra
1610 2437 1889 2503 eundem
1939 2437 2206 2504 fratrem
2253 2459 2493 2517 meum,
2559 2433 2788 2501 Alber·

412 2531 551 2588 tum
610 2522 1019 2610 Thuringiae
1086 2525 1547 2614 lantgravium,
1621 2525 2032 2591 Fridericum
2109 2535 2175 2589 et
2245 2524 2787 2611 Thycemannum

413 2610 555 2696 ejus
624 2609 809 2686 filios,
878 2621 945 2677 et
1010 2623 1238 2679 contra
1302 2613 1688 2680 fratruelem
1736 2634 1950 2678 meum
1997 2611 2427 2693 Fridericum,
2471 2604 2787 2698 praedicti

414 2696 747 2848 {nondam
814 2697 1219 2782 Theoderici,
1286 2700 1507 2766 fratris
1554 2701 1701 2780 mei,
1750 2698 2145 2764 marchionis
2207 2697 2291 2763 de
2351 2696 2786 2770 Landesberc‚

466 2783 649 2858 lium,
690 2791 759 2849 et
800 2785 1091 2870 ipsorum
1137 2786 1409 2853 heredes
1454 2787 1660 2852 libere
1705 2786 1806 2851 uti
1845 2787 2117 2871 possint.

592 2870 733 2958 (V.)
780 2871 1174 2938 Promittens
1205 2874 1632 2939 nihilominus
1648 2872 2086 2949 traditionem,
2113 2871 2533 2937 donationem
2558 2879 2624 2937 et
2645 2893 2786 2960 per-

417 2959 845 3024 mutationem
891 2960 1280 3047 praedictas,
1350 2963 1614 3027 domino
1673 2962 1812 3048 regi
1873 2960 2316 3025 Romanorum
2377 2960 2789 3025 innotescere

414 3061 549 3132 per⁴
576 3067 683 3110 me
740 3045 847 3111 vel
894 3065 1011 3134 per
1073 3046 1325 3113 litteras
1386 3070 1585 3128 meas,
1647 3056 1713 3114 et
1772 3049 1918 3132 ejus
1963 3067 2356 3112 consensum
2423 3055 2488 3112 et
2553 3045 2787 3110 confir-

414 3132 767 3198 mationem
814 3154 1013 3218 super
1054 3134 1299 3200 eisdem
1360 3136 1730 3219 traditione,
1778 3135 2133 3200 donatione
2179 3141 2244 3199 et
2306 3133 2790 3220 permutatione

414 3239 561 3284 cum
608 3217 950 3306 diligentia
993 3220 1358 3308 implorare.

588 3305 767 3392 (VL)
811 3306 901 3371 Et
945 3305 1071 3372 hoc
1120 3310 1506 3373 nominatim
1553 3333 1674 3396 pro
1719 3310 1949 3373 castris
1995 3315 2062 3372 et
2105 3303 2582 3373 munitionibus
2625 3305 2788 3372 Fur·

417 3390 747 3479 ratenberg,
794 3393 1046 3480 Polytz,
1108 3394 1592 3477 Landescrone,
1652 3393 2094 3472 Landesberc‚
2155 3393 2379 3475 Orthe,
2425 3393 2630 3473 Muta,
2677 3393 2788 3460 Se-

416 3478 531 3544 bin
576 3479 977 3566 Wyschonis
1022 3489 1087 3546 et
1132 3481 1358 3564 Zkuts,
1407 3481 1792 3558 Hoenstein‚
1837 3481 2228 3562 Hoenstadt,
2275 3480 2676 3568 Zwythavia,
2722 3488 2790 3545 et

459 3588 533 3632 ro
579 3568 821 3631 annuis
862 3565 1205 3649 reditibus,
1252 3570 1672 3655 assignandis
1718 3577 1782 3635 et
1826 3568 2221 3655 deputandis
2265 3565 2424 3631 mihi
2471 3590 2589 3655 per
2632 3588 2790 3632 eun·

412 3589 566 3718 gem
614 3653 954 3719 dominum
1016 3676 1236 3741 regem
1256 3704 1273 3737 ,
1350 3666 1464 3722 aut
1523 3654 1690 3721 alios
1751 3655 1856 3722 vel
1919 3655 2140 3736 alium,
2201 3675 2367 3741 quos
2427 3653 2533 3719 vel
2637 3675 2788 3719 uem

412 3739 589 3804 idem
636 3738 944 3806 dominus
1002 3764 1121 3807 rex
1180 3742 1323 3808 loco
1384 3745 1482 3808 sui
1550 3752 1617 3808 et
1677 3742 1942 3808 nomine
1986 3742 2071 3806 ad
2115 3741 2241 3806 hoc
2287 3740 2548 3806 duxerit
2638 3741 2789 3806 esti-

413 3826 691 3909 nandos,
737 3827 822 3891 ad
842 3831 1273 3915 quantitatem
1320 3839 1604 3917 quatuor
1625 3830 1902 3896 millium
1951 3836 2017 3893 et
2061 3829 2569 3916 quingentarum
2615 3850 2788 3892 mar-

414 3934 639 3978 carum
686 3917 941 4002 argenti
987 3915 1237 3981 usualis
1282 3926 1349 3982 et
1392 3917 1705 4004 ponderis
1754 3917 2122 4002 Pragensis,
2169 3916 2238 3979 in
2263 3914 2512 3980 eisdem
2547 3915 2790 3980 castris

415 4009 481 4066 et
525 4001 1015 4080 munitionibus,
1060 4003 1594 4088 possessionibus
1639 4025 1716 4070 ac
1761 4003 1909 4068 aliis
1930 4002 2140 4084 bonis,
2186 4001 2384 4068 rebus
2407 4011 2472 4067 et
2505 3999 2790 4088 juribus,

415 4107 497 4152 ac
563 4087 633 4152 in
702 4088 1004 4156 omnibus
1062 4100 1129 4155 et
1190 4090 1469 4178 singulis
1527 4089 1987 4178 proventibus,
2049 4086 2391 4170 fructibus,
2451 4087 2788 4170 reditibus,

417 4172 833 4257 utilitatibus,
871 4177 1161 4263 judiciis,
1186 4178 1420 4244 officiis
1459 4186 1525 4244 et
1554 4178 1720 4255 aliis,
1766 4177 1851 4241 ad
1875 4186 2108 4254 castra,
2153 4177 2571 4258 munitiones,
2617 4175 2791 4240 bona

420 4269 487 4327 et
578 4263 984 4330 ossessiones
1094 4265 1420 4332 raedictas
1466 4262 1917 4354 spectantibus
1981 4274 2048 4330 et
2113 4262 2649 4350 provenientibus
2707 4260 2790 4327 de

422 4348 519 4414 eis
568 4369 691 4430 em,
742 4349 1029 4436 recipien
1081 4350 1157 4432 is,
1202 4351 1521 4418 habendis
1589 4361 1655 4420 et
1698 4349 2248 4437 recognoscendis
2294 4359 2626 4438 perpetuo,
2670 4370 2793 4436 per
