3150 5017
1491 349 1577 366 ....
1666 283 1925 378 48'...

651 489 978 556 (Sequuntur
1015 485 1199 539 literae
1235 485 1462 537 Honorii
1498 500 1687 552 papae,
1724 501 1867 552 quae
1902 499 2065 552 supra
2098 484 2347 550 leguntur
2383 485 2483 536 sub
2520 484 2673 538 litera
2708 483 2789 550 B).

705 573 1167 640 concessimus
1230 571 1426 635 etiam
1470 571 1793 656 integram
1846 571 2263 636 securitatem
2308 577 2373 634 et
2432 568 2697 657 plenam
2754 567 2887 654 epi-

525 681 725 746 scopo
768 657 1104 745 praedicto
1152 665 1217 722 et
1273 657 1414 722 suis
1461 656 1763 721 omnibus
1806 677 1887 722 ac
1928 655 2127 722 rebus
2170 676 2395 722 eorum
2440 655 2594 720 data
2635 653 2766 720 fide
2820 656 2889 718 in

525 745 830 812 manibus
872 742 1269 810 venerabilis
1296 744 1500 829 patris
1541 744 1771 823 nostri,
1816 741 2066 808 domini
2114 743 2437 828 Gregorii,
2460 741 2671 806 sancti
2684 739 2893 804 Theo-

526 832 669 897 dori
740 831 1002 896 diaconi
1081 827 1433 893 cardinalis
1457 877 1476 910 ,
1543 827 1939 915 apostolicae
2018 829 2191 896 sedis
2256 828 2501 912 legati,
2568 834 2637 892 et
2716 825 2897 912 pacis

526 918 752 982 osculo
816 918 964 982 vice
1028 925 1096 981 et
1129 915 1424 989 ,nomine
1486 914 1867 999 juramenti.
1956 915 2441 981 Possessionem
2510 921 2731 978 autem
2796 919 2893 976 to-

523 1005 656 1068 tius
722 1003 1135 1090 episcopatus
1179 1001 1527 1085 Pragensis
1571 1021 1722 1064 cum
1766 998 2025 1066 abbatis
2092 999 2397 1068 omnibus
2454 1020 2494 1064 a
2560 997 2666 1062 die
2724 1017 2897 1062 com-

575 1089 872 1154 ositionis
939 1086 1274 1174 praefatae
1325 1088 1588 1152 restitui
1654 1085 1932 1152 fecimus
1996 1089 2067 1152 in
2132 1107 2369 1152 manus
2436 1083 2683 1152 domini
2754 1103 2899 1146 car-

525 1111 786 1254 dinalis,
833 1173 919 1238 ad
961 1173 1148 1255 cujus
1191 1173 1287 1238 rei
1331 1181 1713 1258 perpetuam
1756 1173 2131 1239 firmitatem
2158 1172 2277 1237 has
2306 1170 2533 1237 literas
2572 1166 2899 1236 conscribi

525 1261 824 1343 fecimus,
872 1268 936 1326 et
979 1267 1356 1325 nostrorum
1397 1257 1763 1344 sigillorum
1810 1259 2173 1327 munimine
2214 1257 2532 1324 roborari.

1678 1430 1803 1511 D..

695 1604 776 1667 In
819 1603 1084 1669 nomine
1127 1599 1342 1667 Patris
1387 1609 1454 1666 et
1496 1601 1667 1682 Filii*
1696 1611 1762 1668 et
1804 1601 2089 1688 Spiritus
2134 1604 2344 1668 sancti
2388 1623 2603 1670 amen.

697 1689 836 1753 Nos
915 1687 1266 1754 Ottocarus
1337 1687 1466 1752 Dei
1537 1690 1752 1772 gratia
1826 1690 2269 1756 Bohemorum-
2339 1711 2491 1770 rent,
2568 1684 2897 1754 universis

527 1773 776 1840 Christi
817 1770 1124 1838 fidelibus
1157 1775 1534 1858 ’praesentis
1626 1773 1904 1862 rivilegii
1947 1775 2169 1855 literas
2214 1775 2623 1862 inspecturis.

699 1859 1051 1924 Humanae
1107 1870 1382 1926 naturae
1425 1797 1715 1926 conditio
1776 1884 2036 1949 semper
2092 1863 2292 1928 trahit
2348 1861 2436 1926 ad
2492 1883 2563 1926 se
2621 1857 2907 1923 hominis

523 1947 854 2012 miseriam
899 1955 966 2010 et
1008 1945 1353 2028 defectum,
1398 1955 1464 2012 et
1509 1956 1753 2034 quanto
1797 1947 1949 2034 plus
1992 1951 2186 2014 homo
2232 1950 2299 2012 in
2324 1948 2451 2013 hoc
2470 1943 2715 2012 mundo
2741 1942 2905 2007 foris

522 2033 916 2098 transitoriis
958 2030 1156 2097 rebus
1197 2031 1574 2115 involvitur,
1638 2041 1821 2100 tanto
1866 2037 2077 2120 magis
2136 2036 2345 2100 virtus
2398 2035 2672 2098 interior
2715 2049 2902 2094 ener-

520 2127 731 2186 vatur.
779 2119 973 2184 Unde
1017 2139 1238 2184 veram
1285 2118 1613 2184 credimus
1672 2119 1955 2186 salubris
2008 2119 2270 2187 consilii
2328 2119 2723 2186 medicinam
2746 2163 2765 2197 ,
2796 2117 2905 2178 'ut

521 2207 692 2272 sicut
749 2206 910 2290 quis.
953 2203 1132 2270 cadit
1191 2226 1308 2291 per
1363 2206 1630 2286 vitium,
1692 2207 1787 2270 sic
1846 2216 2180 2274 assuescat
2222 2227 2561 2292 resurgere
2605 2224 2724 2290 per
2766 2201 2902 2266 vir-

523 2301 750 2372 tutem,
793 2290 1078 2354 maxime
1111 2291 1226 2376 jus
1271 2291 1619 2357 restituens
1652 2291 1959 2375 alienum,
2003 2293 2177 2379 quod
2220 2291 2475 2358 nullum
2520 2310 2714 2376 posse
2753 2285 2903 2353 abs-

519 2400 655 2465 que
697 2385 966 2462 peccato
1010 2384 1078 2440 et
1120 2377 1344 2442 mortis
1387 2377 1657 2442 interitu
1703 2377 2013 2461 detinere,
2060 2380 2327 2448 credere
2371 2399 2531 2464 pure
2546 2393 2898 2464 possumus

529 2474 598 2529 et
640 2460 973 2528 debemus.
1040 2459 1218 2526 Hinc
1261 2471 1360 2528 est
1401 2462 1619 2546 igitur,
1666 2463 1842 2550 quod
1884 2467 2224 2532 universos
2271 2464 2574 2531 volumus
2619 2482 2753 2527 non
2798 2459 2895 2523 la-

523 2559 682 2622 tere,
726 2545 902 2633 quod
945 2569 1096 2612 cum
1117 2547 1290 2612 inter
1333 2570 1452 2614 nos
1495 2557 1564 2614 et
1604 2549 2051 2616 venerabilem
2094 2560 2345 2638 patrem
2392 2549 2729 2614 dominum
2756 2545 2897 2609 An-

521 2635 772 2714 ·dream,
817 2633 1214 2722 Pragensem
1259 2635 1477 2720 episco
1527 2657 1657 2716 um,
1702 2657 1902 2723 super
1944 2636 2245 2704 libertate
2290 2637 2637 2722 Pragensis
2682 2630 2892 2698 eccle-

519 2722 664 2786 siae
707 2728 772 2784 et
815 2718 962 2784 aliis
1004 2719 1294 2784 articulis
1339 2741 1469 2806 apu
1559 2742 1839 2788 examen
1900 2721 2075 2788 sedis
2134 2721 2533 2810 apostolicae
2594 2717 2895 2806 quaestio

519 2813 905 2887 verteretur,
949 2826 1068 2889 per
1110 2806 1502 2872 sanctissimi
1545 2813 1769 2893 patris,
1817 2809 2063 2874 domini
2106 2809 2385 2876 Honorii
2427 2808 2623 2887 tertii,
2652 2803 2899 2871 summi

519 2889 872 3043 pontificis,
913 2889 1394 2977 providentiam
1439 2891 1522 2958 de
1566 2893 1903 2959 voluntate
1947 2897 2232 2981 partium
2276 2903 2377 2960 est
2420 2901 2735 2959 statutum
2757 2938 2776 2972 ,
2820 2897 2898 2953 ut

571 2976 866 3063 eperdita
953 2975 1253 3062 rivilegia
1294 2987 1517 3044 nostra
1561 2988 1627 3044 et
1670 2989 2154 3046 antecessorum
2200 2989 2588 3054 nostrorum,
2612 2997 2896 3066 quorum

525 3074 818 3130 tenorem
863 3064 885 3127 i
935 3085 1038 3128 em
1081 3065 1426 3148 episcopus
1484 3084 1604 3129 suo
1652 3066 2029 3150 juramento
2093 3067 2433 3154 probaret,
2480 3087 2599 3130 nos
2644 3070 2898 3129 restau-

525 3171 672 3216 rare
716 3149 1030 3233 Pragensi
1075 3150 1477 3235 episcopatui
1521 3159 1587 3216 et
1630 3151 1943 3218 ecclesiae
1989 3152 2391 3218 deberemus.
2458 3151 2585 3216 Pro
2632 3170 2761 3236 quo
2806 3146 2897 3212 si-

527 3235 792 3388 gnidem
837 3242 902 3298 et
945 3233 1092 3300 aliis
1153 3234 1589 3321 adimplendis
1650 3259 1799 3301 cum
1844 3238 2237 3304 venerabilis
2303 3246 2487 3323 pater
2508 3285 2527 3319 ,
2590 3234 2898 3300 dominus

594 3321 886 3404 regorius
932 3320 1012 3385 de
1059 3320 1455 3401 Crescentio,
1501 3324 1711 3388 sancti
1755 3323 2082 3392 Theodori
2143 3323 2459 3389 diaconus
2519 3319 2897 3402 cardinalis,

524 3408 598 3471 >in
645 3427 848 3489 regno
893 3406 1201 3472 Boemiae
1247 3406 1595 3492 legationis
1653 3409 1869 3474 officio
1930 3409 2346 3495 fungeretur,
2408 3417 2473 3476 et
2530 3409 2705 3474 idem
2766 3407 2904 3491 epi-

526 3512 762 3577 scopus
787 3493 856 3556 in
887 3492 1090 3577 ipsius
1116 3492 1507 3558 venerabilis
1531 3496 1737 3580 patris
1760 3495 2006 3560 domini
2029 3495 2227 3581 legati
2252 3497 2637 3583 praesentia,
2674 3491 2902 3558 multis

514 3576 942 3643 adstantibus
987 3578 1330 3664 episcopis,
1376 3579 1727 3646 abbatibus
1750 3629 1769 3662 ,
1814 3580 1961 3647 aliis
2004 3583 2429 3648 ecclesiarum
2476 3580 2785 3666 praelatis
2832 3587 2903 3643 et

518 3664 882 3751 'majoribus
928 3663 1283 3729 baronibus
1327 3668 1514 3750 regni
1560 3668 1785 3748 nostri,
1832 3667 2187 3734 secundum
2235 3677 2529 3734 tenorem
2571 3666 2743 3732 infra
2782 3684 2902 3764 po·

523 3753 719 3816 situm
765 3750 1161 3836 praestiterit
1197 3753 1665 3837 juramentum,
1712 3775 1834 3817 nos
1878 3755 2117 3836 omnia,
2163 3775 2331 3840 quae
2366 3754 2637 3840 juravit,
2693 3750 2903 3816 ad1m·

509 3835 700 3920 -piere
759 3836 1088 3916 volentes,
1143 3839 1544 3924 episcopatui
1607 3847 1671 3902 et
1728 3839 2043 3905 ecclesiae
2101 3841 2417 3925 Pragensi
2477 3836 2902 3927 privilegium

511 3920 936 4008 :deperditum
982 3921 1204 3988 taliter
1244 3932 1727 3989 restauramus:

697 4006 804 4089 (Ι.)
850 4007 958 4074 Ad
1002 4008 1313 4074 honorem
1357 4009 1558 4094 igitur
1601 4009 1729 4074 Dei
1774 4011 1977 4097 patris
2022 4020 2089 4082 et
2130 4010 2468 4078 beatorum
2532 4017 2903 4095 martyrum

523 4090 680 4192 Viti,
725 4091 1100 4159 Wenceslai
1145 4102 1210 4162 et
1253 4093 1614 4178 Adalberti‚
1661 4104 2082 4182 patronorum
2148 4107 2540 4180 nostrorum,
2614 4116 2733 4181 pro
2797 4114 2902 4158 re·

521 4179 831 4244 missione
873 4189 1288 4266 peccatorum
1350 4190 1414 4247 et
1479 4192 1965 4250 antecessorum
2006 4192 2378 4250 nostrorum
2424 4183 2715 4250 omnium
2756 4178 2902 4243 ani-

522 4263 754 4330 mabus
777 4313 796 4348 ,
843 4265 1260 4334 concedimus
1307 4276 1372 4332 et
1417 4266 1735 4334 donamus
1780 4269 2090 4355 Pragensi
2137 4269 2539 4357 episcopatui
2585 4277 2651 4336 et
2693 4261 2903 4332 eccle·
