3150 5017
1193 326 1619 391 ...75-

235 498 478 587 aliquod
519 496 736 563 nobile
781 498 1150 565 membrum
1203 498 1585 565 abstulerit:
1628 496 1837 583 judici
1882 519 2001 585 pro
2044 517 2258 584 poena
2302 497 2593 584 quinque

239 586 464 651 talenta
503 583 731 667 solvet,
776 605 970 670 passo
1018 585 1380 671 dampnum
1426 585 1494 649 X
1537 584 1787 651 talenta
1832 592 2203 670 componet.

395 670 461 737 Si
503 694 660 738 vero
705 672 816 758 qui
863 671 1222 759 dampnum
1267 672 1442 753 fecit,
1489 670 1795 737 denarios
1838 670 2081 737 habere
2124 690 2257 737 non
2328 670 2593 754 poterit,

245 757 545 825 secundus
589 757 802 843 legem
844 757 1183 842 judicetur
1225 758 1308 823 de
1353 759 1534 845 ipso:
1579 758 1841 824 oculum
1886 780 2005 846 pro
2051 755 2266 838 oculo,
2316 774 2595 823 manum

243 867 348 933 pro
388 866 602 927 manu,
647 854 716 909 et
759 845 854 909 sic
897 843 984 911 de
1029 846 1264 911 ceteris
1307 844 1639 911 membris.

389 930 454 996 Si
512 931 657 996 fieri
714 930 862 995 vult
915 930 1358 1019 inculpabilis,
1417 930 1651 1017 probet
1706 928 2157 997 innocentiam
2200 948 2391 995 suam
2435 936 2591 993 met·

239 1018 536 1083 secundus
595 1016 1038 1103 probabilium
1096 1019 1386 1083 virorum
1447 1026 1513 1082 et
1571 1038 1705 1081 uno
1767 1018 2017 1098 iurat03
2088 1024 2155 1081 et
2196 1016 2255 1082 si
2298 1036 2433 1080 non
2478 1036 2589 1101 po·

240 1105 368 1255 ἷοὶιξ
405 1104 520 1169 hos
565 1103 827 1185 habere,
873 1105 1107 1191 probet
1151 1104 1635 1190 met-septimus
1680 1102 2121 1189 probabilium
2166 1103 2481 1184 virorum,
2527 1110 2594 1167 et

264 1192 282 1254 i
356 1213 390 1253 r
418 1191 534 1255 rit.

389 1276 488 1341 10.
533 1275 722 1359 Item,
789 1277 1163 1363 quicunque
1233 1276 1420 1342 alteri
1487 1275 1929 1377 amputaverit
1972 1274 2249 1359 digitum
2314 1272 2423 1341 vel
2501 1274 2595 1339 ita

243 1360 681 1445 vulneraverit,
744 1362 922 1450 quod
978 1364 1424 1429 membrorum
1484 1370 1773 1450 patiatur
1825 1362 2309 1442 detrimentum,
2370 1359 2440 1425 id
2488 1370 2589 1427 est

241 1446 661 1529 lidschert,
709 1448 925 1535 judici
979 1449 1110 1516 duo
1175 1449 1444 1532 talenta,
1513 1470 1709 1535 passo
1755 1448 2115 1534 dampnum
2162 1448 2455 1533 quinque
2496 1455 2592 1512 ta-

239 1533 396 1599 lenta
436 1535 784 1621 persolvat.

239 1706 276 1771 d
389 1621 455 1687 Si
500 1643 658 1686 vero
703 1621 1004 1687 denarios
1050 1645 1182 1688 non
1227 1621 1548 1705 habuerit,
1597 1643 1673 1686 eo
1719 1642 1849 1709 quo
1897 1619 2307 1707 praedictum
2350 1628 2453 1685 est
2488 1640 2589 1687 or·

277 1708 388 1784 ine,
471 1709 759 1773 uniatur.
2446 1778 2449 1783 ,

388 1730 468 1858 Si³
513 1816 672 1860 vero
727 1794 870 1861 fieri
913 1793 1196 1860 voluerit
1237 1795 1574 1878 innocens,
1634 1794 1867 1881 probet
1910 1794 2359 1861 innocentiam
2404 1814 2592 1857 suam

241 1882 651 1966 met-quintus
697 1879 1132 1967 probabilium
1179 1882 1502 1961 virorum;
1563 1890 1629 1947 et
1673 1882 1729 1945 si
1772 1880 1893 1945 hos
1936 1880 2181 1947 habere
2222 1902 2361 1945 non
2406 1888 2591 1967 pote·-

241 1967 335 2049 rit,
355 1966 582 2053 probet
603 1968 1016 2049 met-tertius,
1047 1968 1218 2033 inter
1250 1989 1413 2054 quos
1458 1968 1540 2033 de
1576 1969 1819 2053 juratis
1863 1966 2183 2053 principis
2232 1968 2357 2033 erit
2396 1986 2592 2031 unus.

395 2054 490 2117 11.
536 2052 608 2119 Si
655 2054 802 2143 quis
845 2056 1060 2119 autem
1107 2054 1396 2140 aliquem
1440 2054 1791 2120 temerarie
1836 2054 2156 2134 citaverit,
2200 2074 2417 2140 poena
2437 2052 2592 2119 talis

231 2137 460 2224 judicio
503 2141 824 2226 principis
866 2149 1255 2207 reservetur.

393 2225 490 2289 12.
533 2225 607 2291 Si
651 2228 802 2312 quis
842 2225 1130 2313 aliquem
1174 2225 1625 2293 vulneraverit
1654 2227 1767 2309 ita,
1800 2226 1981 2313 quod
2024 2225 2409 2293 vulneratus
2440 2244 2591 2289 con-

241 2308 506 2376 valescat
553 2313 696 2377 sine
741 2312 1135 2379 detrimento
1157 2314 1623 2394 membrorum,
1664 2312 1735 2377 id
1778 2321 1879 2378 est
1922 2312 2145 2400 lytsc
2165 2311 2591 2379 hert—wun-

241 2395 412 2462 den:
454 2398 668 2484 judici
733 2420 936 2464 unum
982 2398 1321 2479 talentum,
1383 2398 1723 2465 vulnerato
1771 2397 1901 2463 duo
1946 2399 2197 2465 talenta
2240 2395 2594 2485 persolvat.

240 2481 298 2546 Si
338 2482 634 2549 denarios
679 2506 814 2552 non
857 2484 1178 2562 habuerit,
1223 2487 1609 2572 septimanis
1654 2507 1773 2551 sex
1818 2485 2191 2552 detineatur
2232 2506 2357 2573 pro
2378 2506 2594 2571 poena

241 2570 537 2653 captivus,
583 2569 692 2635 vel
735 2580 1060 2658 expurget
1103 2594 1174 2637 se
1221 2573 1613 2637 met-tertius
1657 2570 2100 2659 probabilium
2146 2572 2461 2639 virorum.

400 2656 494 2721 13.
541 2656 613 2722 Si
660 2658 806 2743 quis
852 2660 1086 2724 citatus
1110 2657 1402 2744 legitime
1425 2660 1836 2738 convenitur,
1882 2658 2059 2744 quod
2084 2659 2173 2723 ali
2223 2680 2371 2725 uem
2398 2656 2595 2743 plano

241 2739 666 2808 vulneraverit
728 2742 1004 2809 vulnere
1073 2746 1218 2809 sine
1284 2744 1571 2812 laesione
1634 2744 2079 2811 membrorum
2125 2766 2213 2809 no
2262 2745 2465 2824 ilium,
2528 2752 2594 2808 et

243 2824 336 2891 ille
375 2828 516 2893 vice
561 2850 758 2895 versa
800 2839 1140 2918 proponat,
1187 2830 1312 2897 hoc
1355 2852 1426 2895 se
1473 2830 1887 2897 defendendo
1934 2831 2201 2897 fecisse:
2268 2830 2392 2897 hoc
2436 2838 2595 2895 met·

241 2914 445 2980 tertius
491 2914 934 3001 probabilium
981 2918 1266 2983 virorum
1291 2918 1669 2984 testimonio
1694 2916 2182 3003 comprobabit3
2230 2918 2331 2981 sin
2354 2924 2593 2990 autem,

237 2996 419 3081 judici
458 3001 803 3083 talentum,
847 3001 1190 3069 vulnerato
1239 3004 1369 3069 duo
1413 3003 1665 3071 talenta
1710 3002 2059 3091 persolvat.

393 3086 484 3151 14.
533 3087 607 3152 Si
663 3110 822 3155 vero
925 3090 1032 3154 uis
1091 3110 1479 3177 quoeunque
1551 3098 1845 3175 tempore
1919 3088 2120 3155 fuerit
2192 3086 2591 3163 vulneratus,

245 3169 350 3253 ipsi
387 3172 466 3237 de
505 3172 748 3260 quibus
810 3174 897 3241 ha
945 3184 1090 3241 etur
1131 3178 1438 3262 suspicio,
1497 3177 1675 3262 quod
1740 3175 2023 3241 eundem
2084 3173 2595 3258 vulneraverint,

247 3256 291 3319 si
332 3256 498 3338 bona,
551 3282 688 3325 non
745 3260 1096 3327 habuerint
1155 3283 1323 3365 quae
1381 3262 1713 3329 sufficiant
1766 3262 1852 3327 ad
1912 3261 2421 3342 emendandum,
2486 3260 2596 3329 vel

249 3339 712 3427 fidejussoribus
755 3356 1043 3430 careant,
1087 3370 1128 3413 a
1159 3349 1388 3435 judice
1446 3369 1655 3435 usque
1698 3350 1768 3413 in
1828 3348 2183 3415 crastinum
2230 3358 2597 3431 teneantur,

247 3434 302 3489 et
337 3450 512 3495 mane
555 3431 732 3498 facto
791 3433 1174 3499 vulneratus
1231 3454 1450 3501 coram
1503 3434 1758 3520 judicio
1818 3443 2157 3519 suspectos
2224 3437 2593 3517 conveniat,

249 3511 580 3594 iuramento
623 3518 710 3585 ab
735 3520 897 3606 ‘ipso
941 3530 1160 3585 actore
1204 3525 1384 3600 prius
1429 3523 1744 3606 praestito
1787 3520 2257 3589 met-secundo.

287 3684 299 3696 ι
391 3600 472 3667 Et
513 3605 568 3667 si
617 3606 998 3672 vulneratus
1043 3627 1200 3691 prae
1259 3608 1464 3671 nimia
1522 3606 1860 3674 debilitate
1926 3610 2223 3695 corporis
2283 3607 2371 3675 ad
2416 3606 2593 3693 judi-

253 3702 398 3781 cium
438 3692 662 3759 venire
705 3692 1050 3778 nequierit,
1097 3692 1266 3759 duae
1307 3693 1585 3759 idoneae
1630 3716 1949 3778 personae
1974 3716 2125 3761 cum
2152 3696 2383 3761 nuntio
2417 3694 2595 3779 judi-

254 3786 326 3833 cis
348 3773 438 3872 ’ad
477 3797 628 3841 eum
672 3780 964 3860 veniant,
1007 3787 1072 3845 et
1115 3780 1184 3843 in
1228 3778 1396 3845 lecto
1441 3780 1873 3865 aegritudinis
1917 3779 2005 3845 ab
2028 3802 2107 3845 eo
2132 3781 2586 3849 met-secundo

259 3858 534 3951 recipiant
577 3862 794 3929 calum
843 3865 991 3931 niae
1036 3865 1495 3949 juramentum,
1561 3866 1740 3952 quod
1782 3887 1825 3932 a
1868 3865 2051 3933 nullo
2096 3867 2409 3953 recipitur
2466 3867 2597 3935 nisi

255 3952 397 4019 Juret
427 3956 792 4015 met-secun
839 3972 936 4017 us.

403 4031 492 4099 15.
535 4034 722 4099 Nulli
763 4058 1026 4123 quoque
1069 4036 1512 4123 praestabitur
1582 4037 1755 4103 idem
1820 4038 2291 4123 juramentum,
2359 4040 2431 4107 id
2494 4050 2595 4107 est

262 4118 514 4199 voreit,
559 4129 750 4187 extra
783 4123 1130 4208 judicium,
1173 4122 1293 4189 sed
1335 4125 1402 4188 in
1439 4122 1695 4207 judicio
1747 4133 2037 4207 tantum3
2114 4136 2591 4213 praeterquam,

263 4201 322 4257 ut
367 4220 546 4288 supra
617 4206 861 4275 dietum
923 4217 1040 4291 est,
1101 4208 1216 4275 ille
1281 4211 1392 4297 qui
1453 4209 1652 4275 debet
1701 4211 1947 4294 jurare,
1994 4213 2080 4278 sit
2123 4211 2289 4279 adeo
2336 4212 2593 4295 debilis,

266 4284 406 4360 quod
433 4290 508 4355 ad
531 4292 852 4377 judicium
896 4296 1122 4361 venire
1169 4317 1299 4364 non
1335 4296 1568 4383 -possit,
1604 4304 1763 4363 tunc
1810 4296 2013 4381 judex
2058 4300 2274 4367 mittet
2292 4298 2375 4366 ad
2404 4299 2589 4369 illum
