3150 5017
1445 302 1921 367 ..280-

491 485 554 563 §-
577 482 641 545 4.
685 477 795 545 Ad
841 477 1126 543 officium
1175 483 1396 541 autem
1434 475 1811 561 juratorum
1856 474 2031 538 inter
2053 479 2273 537 cetera
2296 466 2661 537 dinoscitur
2679 470 2873 557 perti-

489 588 666 649 nere,
734 586 961 631 omnes
1029 564 1278 628 dictare
1343 563 1708 629 sententias
1772 569 1842 627 et
1898 558 2191 646 proferre
2250 578 2330 623 ac
2372 558 2683 643 prolatas,
2741 555 2876 624 nisi

489 653 782 737 legitime
847 650 1252 739 appellatum
1315 648 1532 730 fuerit,
1603 669 1722 733 per
1771 646 2066 733 judicem
2112 645 2488 710 executioni
2533 643 2875 723 mandare,

491 742 606 826 qui
649 740 720 803 in
766 737 892 803 hac
937 745 1121 823 parte
1165 758 1281 824 per
1328 738 1574 802 'uratos
1621 734 1893 819 regitur,
1939 734 2113 799 sicut
2156 730 2427 798 cardine
2471 732 2710 797 ostium
2758 752 2853 815 gu

491 826 824 891 bernatur.
912 823 1112 890 Unde
1169 826 1240 887 in
1345 822 1631 889 ictandis
1674 821 2017 888 sententiis
2062 818 2275 885 solum
2322 819 2540 885 Deum
2586 815 2882 884 habeant

493 935 648 999 prae
675 911 904 993 oculis,
949 910 1117 975 nulli
1141 917 1372 975 contra
1405 909 1735 995 justitiam
1780 906 2135 994 parcendo,
2182 905 2300 972 sed
2322 905 2464 971 sine
2486 906 2882 991 exceptione

497 1020 926 1086 personarum
969 998 1325 1083 unicuique
1369 994 1686 1071 tribuant,
1733 993 1913 1082 quod
1954 1015 2147 1061 suum
2190 1000 2308 1061 est.
2355 997 2418 1076 §-
2436 992 2502 1057 5.
2546 991 2697 1058 Non
2745 991 2885 1055 sint

491 1090 560 1153 in
621 1083 810 1151 malis
882 1084 1145 1149 casibus
1203 1082 1312 1149 vel
1373 1083 1593 1149 causis
1638 1080 2041 1169 pauperibus
2100 1079 2576 1159 misericordes,
2634 1076 2885 1165 quibus

493 1175 549 1239 si
615 1180 915 1259 parcunt,
984 1180 1168 1235 tanto
1235 1170 1417 1256 ipsos
1485 1170 1835 1256 nequiores
1888 1167 2196 1249 reddunt,
2257 1175 2504 1253 quanto
2556 1165 2885 1252 justiores

493 1260 622 1325 sibi
681 1260 750 1323 in
812 1256 984 1322 malo
1030 1256 1253 1322 favere
1299 1256 1613 1321 sentiunt.
1704 1256 1776 1321 Si
1835 1263 2055 1321 autem
2104 1256 2311 1320 simus
2357 1251 2763 1339 pauperibus
2808 1252 2886 1315 in

484 1346 744 1433 justitia
789 1345 1132 1419 debitores,
1179 1364 1264 1408 ne
1309 1342 1456 1408 aliis
1499 1342 1891 1427 injustitiam
1938 1341 2277 1423 faciamus,
2323 1362 2477 1405 nam
2503 1338 2885 1425 aequalitas

493 1440 594 1500 est
637 1433 706 1496 in
746 1430 998 1516 judicio
1045 1428 1458 1515 litigantibus
1501 1428 1939 1511 observanda,
1984 1437 2052 1494 et
2095 1429 2191 1494 sic
2232 1448 2369 1499 non
2430 1425 2751 1506 debemus
2797 1426 2876 1489 in

495 1519 685 1585 malis
753 1518 970 1583 causis
1039 1515 1440 1603 pauperibus
1509 1517 1577 1581 in
1646 1516 1927 1581 aliorum
2000 1514 2481 1602 praejudicium
2550 1514 2878 1579 misereri.

499 1610 560 1689 ξ.
609 1608 670 1671 6.
717 1604 975 1671 Cavent
1020 1603 1145 1668 sibi
1182 1604 1390 1689 jurati
1437 1624 1874 1687 summopere,
1918 1624 2002 1668 ne
2048 1600 2335 1680 levitate,
2382 1622 2625 1682 amore,
2690 1598 2877 1680 odio,

500 1694 746 1773 favore,
792 1691 1107 1777 praemio,
1154 1697 1353 1773 metu,
1398 1690 1638 1771 furore,
1682 1699 1799 1755 aut
1821 1688 1951 1754 alio
1982 1688 2207 1775 aliquo
2230 1709 2390 1753 casu
2408 1688 2591 1753 ducti
2612 1688 2880 1773 J'ustam

505 1782 897 1845 sententiam
946 1784 1346 1864 pervertant,
1391 1785 1457 1842 et
1498 1776 1785 1841 fructum
1831 1774 2009 1841 illius
2055 1782 2460 1841 commutent
2516 1775 2585 1839 in
2632 1773 2880 1861 damp-

496 1866 781 1931 nationis
825 1863 1350 1929 amaritudinem.
1396 1863 1452 1947 §.
1487 1864 1544 1927 7.
1597 1863 1737 1928 Nec
1780 1863 1850 1927 in
1895 1862 2193 1928 dicendis
2240 1862 2577 1928 sententiis
2623 1860 2885 1926 debent

497 1973 643 2019 esse
687 1952 1100 2037 praecipites,
1147 1972 1225 2017 eo
1271 1950 1448 2036 quod
1491 1971 1695 2035 grave
1740 1951 1938 2017 nimis
1997 1958 2097 2016 est
2139 1950 2207 2014 in
2251 1970 2325 2014 re
2372 1948 2575 2014 dubia
2618 1958 2882 2013 certam

498 2040 670 2104 ferre
717 2040 1134 2120 sententiam,
1178 2038 1293 2103 sed
1339 2058 1601 2123 semper
1645 2037 1983 2123 inquirant
2044 2059 2192 2102 cum
2251 2036 2570 2101 instantia
2628 2036 2885 2100 verita·

500 2137 650 2193 tem.
739 2126 905 2190 Nam
955 2126 1198 2190 veritas
1245 2125 1508 2211 saepius
1551 2126 1888 2209 exagitata
1932 2124 2142 2210 magis
2202 2122 2611 2208 splendescit
2653 2122 2720 2186 in
2776 2120 2885 2187 lu-

493 2234 671 2296 cem3
742 2213 997 2278 fructus
1063 2212 1240 2277 enim
1310 2212 1577 2276 divinus
1646 2219 1748 2275 est
1802 2211 2130 2297 justitiam
2191 2212 2453 2297 saepius
2517 2214 2883 2274 recenseri.

501 2305 564 2383 ξ.
599 2302 657 2365 8.
705 2298 881 2366 Sane
925 2299 1011 2363 ad
1056 2297 1442 2384 ampliorem
1487 2298 1785 2364 veritatis
1827 2297 2372 2363 illuminationem
2418 2298 2488 2361 in
2533 2295 2760 2361 arduis
2814 2304 2889 2360 et

499 2388 757 2473 magnis
801 2386 1082 2469 negotiis
1130 2406 1281 2450 cum
1325 2385 1625 2451 imminet
1668 2386 2043 2467 necessitas,
2090 2384 2334 2449 debent
2385 2384 2592 2471 jurati
2634 2384 2889 2447 montis

489 2475 749 2558 juratos
795 2471 1132 2538 civitatum
1187 2480 1254 2537 et
1313 2473 1607 2537 seniores
1664 2470 1748 2538 de
1809 2471 2053 2559 populo
2098 2472 2443 2548 advocare,
2488 2492 2642 2537 nam
2688 2466 2887 2555 quod

499 2582 539 2625 a
585 2558 910 2645 pluribus·
932 2559 1304 2645 inquiritur,
1350 2558 1609 2625 facilius
1652 2559 2011 2640 invenitur,
2078 2580 2203 2625 nec
2259 2558 2386 2623 hoc
2444 2579 2561 2644 pro
2622 2556 2889 2641 injuria

501 2648 620 2711 sibi
687 2643 1101 2727 adscribant,
1165 2645 1340 2731 quod
1401 2643 1800 2732 quandoque
1859 2647 2057 2711 unius
2117 2646 2457 2713 deterioris
2518 2642 2885 2709 consilium

498 2733 782 2800 excessit
839 2731 1184 2797 consilium
1244 2732 1599 2799 multorum
1646 2731 2029 2815 meliorum3
2092 2755 2225 2798 non
2285 2734 2463 2798 enim
2524 2751 2750 2795 omnes
2807 2732 2887 2793 in

505 2818 832 2901 omnibus,
876 2820 992 2891 sed
1043 2820 1202 2885 certi
1248 2840 1366 2904 pro
1413 2827 1595 2885 certa
1638 2817 1940 2885 meliores
2002 2828 2067 2885 et
2113 2820 2465 2886 deteriores
2524 2817 2887 2884 inveniun-

498 2916 640 2991 tur3
687 2917 754 2972 et
797 2907 893 2972 sic
936 2904 1182 2971 debent
1224 2906 1557 2992 inquirere
1603 2907 1946 2972 veritatem
1994 2928 2142 2971 cum
2186 2906 2506 2972 instantia
2550 2903 2887 2985 studiosa,

499 3015 670 3082 quae
694 3013 952 3080 semper
974 2994 1248 3079 perficit,
1293 2992 1470 3079 quod
1512 3001 1715 3079 optat.
1762 2996 1823 3075 ἓ.
1850 2993 1909 3058 9.
1956 2992 2089 3060 Sed
2137 3002 2355 3059 tamen
2397 3014 2484 3060 ex
2528 2991 2723 3059 certis
2770 2989 2890 3055 di-

499 3084 778 3147 dicimus
823 3082 1246 3165 argumentis,
1291 3088 1502 3144 totum
1541 3082 1653 3166 jus
1699 3088 2082 3145 montanum
2128 3102 2273 3146 esse
2329 3100 2449 3166 per
2505 3078 2893 3145 contrarias

497 3168 1114 3253 interpretationum
1161 3168 1520 3233 sententias
1563 3166 2048 3250 conturbatum,
2108 3190 2186 3234 eo
2247 3166 2425 3253 quod
2468 3164 2725 3253 fragilis
2770 3175 2895 3231 est

501 3254 818 3320 memoria
860 3254 1220 3330 hominum,
1264 3274 1392 3320 nec
1431 3254 1600 3319 adeo
1646 3252 1951 3337 valitura,
2012 3266 2087 3319 ut
2147 3256 2352 3341 possit
2388 3254 2561 3340 juris
2609 3253 2892 3339 sapien-

496 3342 656 3407 tiam
700 3341 1024 3411 tenaciter
1081 3342 1225 3406 sine
1285 3342 1544 3426 scriptis
1606 3342 1960 3408 memoriae
2020 3341 2502 3409 commendare.
2590 3340 2679 3405 Et
2720 3335 2893 3405 ideo

501 3426 913 3515 frequentius
975 3428 1218 3493 accidit
1275 3429 1346 3492 in
1399 3427 1677 3513 judicio,
1740 3436 1813 3493 ut
1856 3427 2043 3505 illud,
2088 3428 2264 3515 quod
2310 3428 2507 3495 hodie
2547 3426 2755 3514 judici
2808 3434 2892 3491 et

499 3515 738 3601 juratis
784 3513 1026 3599 placet,
1073 3536 1220 3580 cras
1264 3516 1335 3579 in
1382 3512 1709 3579 similibus
1754 3513 2019 3581 casibus
2060 3515 2277 3581 statim
2340 3516 2577 3601 incipit
2636 3511 2887 3599 displi-

501 3622 666 3667 cere.
755 3600 844 3665 Et
901 3602 994 3665 ita
1063 3602 1275 3685 magis
1333 3600 1416 3665 de
1484 3600 1824 3667 voluntate
1891 3603 2247 3684 hominum,
2318 3625 2513 3689 quam
2578 3600 2659 3667 de
2695 3601 2891 3687 juris

501 3688 870 3774 praeceptis
915 3687 1294 3773 dependent
1328 3688 1603 3772 judicia,
1650 3688 1722 3752 in
1769 3711 2080 3773 magnum
2126 3692 2418 3775 ipsorum
2482 3688 2711 3755 salutis
2754 3709 2893 3773 pe.-

505 3773 788 3839 riculum
833 3780 898 3840 et
942 3776 1203 3839 animae
1248 3774 1733 3841 detrimentum.
1824 3777 1994 3841 Nam
2041 3778 2152 3862 qui
2200 3785 2376 3841 recte
2412 3775 2691 3861 judicat,
2737 3796 2893 3841 non

505 3882 664 3927 suae
711 3860 1032 3926 voluntati
1079 3859 1509 3946 obtemperet.
1600 3859 1977 3928 Secundum
2028 3884 2183 3927 vero
2237 3864 2352 3947 jus
2398 3864 2711 3949 scriptum
2756 3860 2891 3926 bo·

503 3968 628 4013 nus
677 3946 880 4013 'udex
925 3955 991 4012 et
1024 3948 1232 4034 jurati
1277 3947 1442 4013 nihil
1487 3968 1572 4015 ex
1618 3951 1879 4037 proprio
1925 3950 2175 4015 faciunt
2239 3948 2529 4026 arbitrio,
2588 3947 2705 4015 sed
2776 3970 2891 4015 se-

501 4055 632 4099 cun
683 4056 793 4099 um
859 4033 1044 4120 leges
1103 4045 1169 4100 et
1214 4035 1371 4121 jura
1431 4038 1888 4121 pronunciant,
1950 4059 2103 4105 nam
2164 4038 2235 4101 in
2278 4035 2645 4121 judicando
2690 4036 2889 4101 cordi

502 4121 713 4205 magis
759 4120 955 4187 debet
1001 4142 1149 4187 esse
1195 4120 1494 4188 custodia
1536 4124 1856 4206 veritatis,
1904 4144 2099 4211 quam
2145 4122 2507 4189 voluntatis
2554 4121 2883 4189 obedien-

504 4207 614 4271 tia.
659 4210 719 4289 ξ.
750 4208 848 4272 10.
895 4206 1088 4275 Unde
1133 4207 1585 4277 desiderantes
1629 4209 1784 4275 huic
1812 4211 1881 4276 in
1918 4211 2148 4277 morbo
2192 4208 2459 4277 salubre
2500 4207 2879 4276 remedium

505 4291 838 4377 adhibere,
896 4296 1240 4361 statuimus
1297 4294 1423 4362 hoc
1487 4295 1703 4364 edicto
1764 4298 1834 4363 in
1878 4306 2269 4385 perpetuum
2316 4298 2620 4382 valituro,
2669 4294 2884 4363 urbu-
