3150 5017
1520 316 1999 381 „122-

767 493 933 557 Regio
970 498 1143 543 castro
1178 492 1421 558 Lapidi
1460 491 1674 556 Regio
1711 490 2117 555 adjacens‚pars
2153 490 2798 543 Bobemiaeconstitutiva
2829 506 2930 555 per-

558 562 756 612 mansit
804 566 856 611 et
890 560 1085 613 finibus
1121 562 1425 612 dioeceseos
1446 560 1729 627 Pragensis
1767 562 1950 611 eodem
1989 560 2144 611 modo
2179 560 2568 622 includebatur,
2587 565 2649 609 ut
2684 560 2829 624 reg-io
2847 560 2926 609 Ni-

559 631 807 681 §anorum
846 618 1200 689 Zitaviensisz
1237 631 1403 696 Lapis
1438 628 1654 697 Regius,
1691 630 2025 695 Kiinigstein‚
2063 644 2096 679 a
2131 646 2254 695 rege
2289 630 2605 679 wenceslao
2643 631 2688 678 1.
2724 634 2790 679 ut
2803 628 2928 677 vide·

557 706 661 763 tur,
701 700 957 763 conditus,
972 700 1359 751 Reinardiviila
1396 699 1742 765 (Reinharts),
1779 699 2158 749 Henrici-viila
2180 698 2615 764 (Hennersdorf),
2635 697 2929 763 Rosenthal,

558 768 958 832 Mulier-abach,
998 768 1201 821 Olesna
1238 769 1499 835 (Oelsen),
1538 769 1758 834 Strupin
1795 774 1846 817 et
1883 768 2170 819 Gottleube
2206 769 2490 819 decanatui
2527 769 2742 819 Ustensi
2779 766 2926 817 adnu-

560 844 763 889 merata
796 838 1065 903 leguntur.

696 909 820 959 Alia
840 907 1103 958 bohemici
1121 909 1369 958 territorii
1405 913 1553 957 trans
1589 910 1798 957 montes
1833 922 1955 972 pars
1991 907 2094 957 fuit
2126 907 2272 971 regio
2299 906 2824 967 Zavidovensis‚
2851 908 2926 955 Ξιι-

559 994 660 1044 pae
680 978 949 1029 Belinensi
989 978 1256 1043 contigua,
1294 977 1385 1027 ubi
1420 992 1470 1027 a.
1511 978 1647 1027 1209
1683 978 1925 1041 Ξιιραῐιιιε
1961 992 2054 1025 seu
2091 991 2268 1027 eomes
2293 976 2592 1027 Belinensis
2613 975 2816 1026 Slavko
2853 976 2930 1041 qui

561 1049 876 1098 coenobium
915 1046 1180 1097 Oseoense
1230 1046 1555 1107 condiderat,
1605 1046 1776 1097 eidem
1825 1046 2082 1095 coenobio
2134 1046 2423 1107 „decimam
2477 1046 2834 1111 septimanam
2880 1046 2929 1093 in

564 1118 861 1167 Zawidow“
904 1118 1050 1181 (Erb.
1087 1118 1219 1181 Reg.
1260 1118 1412 1179 1207,
1450 1116 1493 1166 1.
1530 1114 1677 1182 504),
1719 1116 1807 1177 „in
1843 1115 2314 1165 Zawidowtelonei
2353 1120 2404 1164 et
2432 1113 2624 1179 judicii
2647 1115 2924 1165 decimam⁴⁶

562 1186 661 1253 (lb.
708 1188 857 1249 1209,
896 1186 939 1234 Ι.
979 1185 1122 1251 509),
1147 1202 1278 1245 „neo
1312 1200 1421 1235 non
1450 1186 1542 1248 jus
1577 1189 1892 1249 patronatus
1913 1184 2324 1235 Zawidowensis
2360 1186 2676 1249 paroehiae“
2715 1184 2931 1233 contulit

563 1256 979 1318 habendumque
1017 1256 1203 1305 statuit
1240 1254 1341 1320 (lb.
1382 1256 1557 1317 1209).
1609 1254 1692 1304 Ibi
1725 1254 1830 1305 sita
1867 1259 1980 1303 erat
2015 1254 2144 1303 villa
2177 1254 2460 1317 Fridbach,
2497 1255 2590 1304 ubi
2627 1254 2760 1304 duo·
2797 1266 2930 1301 man-

564 1340 651 1375 sos
688 1325 887 1375 Slavko
926 1324 1155 1373 contulit
1210 1324 1485 1385 coenobie,
1536 1323 1610 1373 ibi
1659 1338 1752 1373 arx
1787 1323 2148 1385 Borsensiein‚
2187 1322 2341 1387 cujus
2377 1340 2573 1375 nomen
2610 1338 2706 1373 nos
2743 1322 2932 1372 reducit

561 1396 617 1444 in
655 1394 961 1443 memoriam
1000 1394 1235 1444 Berensii
1288 1395 1517 1455 comitis,
1564 1394 1678 1445 sive
1729 1393 1876 1443 illius
1914 1394 2006 1459 qui
2044 1390 2331 1443 Siavkonis
2367 1398 2517 1458 pater
2553 1390 2931 1458 (nse—1209)

562 1466 674 1513 sive
725 1463 873 1513 illius
927 1464 1017 1528 qui
1066 1463 1304 1527 ejusdem
1354 1462 1516 1513 frater
1550 1461 1812 1527 patruelis
1854 1462 1954 1512 fuit
1991 1462 2401 1527 (1231—1250).
2475 1462 2632 1511 Anno
2673 1462 2804 1511 1251
2854 1476 2931 1509 rex

563 1533 913 1583 wenceslaus
959 1531 1193 1582 Hem-ico
1230 1532 1273 1582 1.
1313 1531 1610 1582 marchioni
1656 1533 1916 1582 Misnensi
1951 1530 2174 1597 Agnetis
2209 1530 2353 1581 filiae
2389 1545 2517 1582 suae
2551 1532 2714 1597 (quae
2753 1544 2930 1596 nupse-

562 1608 645 1654 rat
681 1614 731 1652 a.
774 1601 927 1657 1244)
976 1603 1185 1664 marito,
1232 1602 1503 1666 regionem
1554 1600 1970 1651 Zavidovensem
2023 1602 2311 1669 concessit,
2361 1607 2422 1651 ut
2466 1606 2726 1652 testantur
2762 1600 2931 1649 literae

559 1672 765 1722 Alberti
799 1672 939 1735 regis
977 1670 1337 1723 Romanorum
1374 1688 1423 1721 a.
1464 1672 1599 1721 1300
1632 1670 1778 1721 hunc
1811 1671 1868 1720 in
1893 1670 2110 1720 modum
2135 1672 2492 1736 conscriptae:
2531 1669 2815 1733 Quondam
2851 1684 2930 1717 rex

564 1742 813 1791 Boemiae
850 1740 1101 1804 oppidum
1141 1740 1404 1789 Sadoviae
1454 1745 1505 1790 et
1540 1745 1770 1791 castrum
1799 1739 2227 1802 Borschenstein‚
2265 1742 2368 1791 sita
2401 1742 2459 1790 in
2494 1745 2634 1791 terra
2667 1739 2931 1799 Misnensi,

566 1812 623 1859 in
661 1824 1061 1874 recompensam
1100 1809 1429 1875 quorundam
1456 1810 1716 1860 bonorum
1753 1815 1921 1860 terrae
1956 1810 2223 1872 Austriae‚
2261 1824 2420 1876 super
2455 1811 2646 1874 quibus
2681 1810 2933 1859 actionem

565 1879 803 1929 marchio
839 1880 1129 1929 misnensis
1166 1885 1297 1930 tunc
1331 1880 1584 1945 temporis
1621 1880 1724 1929 sibi
1759 1880 1927 1944 petiit,
1965 1894 1998 1930 a
2032 1894 2197 1944 regno
2234 1896 2330 1931 suo
2366 1880 2640 1930 alienavit.

770 1948 969 2013 Regem
1008 1948 1373 2013 Premyslaum
1409 1950 1453 1999 Ι.
1492 1963 1527 1998 a.
1560 1949 1830 2001 Friderico
1866 1949 1938 1998 11.
1976 1964 2024 1999 a.
2064 1951 2198 1999 1212
2233 1950 2440 2013 aliquot
2475 1949 2660 2000 castris
2697 1952 2751 1998 et
2773 1948 2930 2013 reg-io·

564 2018 725 2068 nibus
772 2019 831 2067 in
878 2018 1121 2083 partibus
1175 2020 1429 2085 antiquae
1478 2018 1666 2069 Srbiae
1712 2020 1855 2068 intra
1898 2018 2194 2069 Mlidavam
2243 2024 2295 2069 et
2338 2018 2570 2069 Elstram
2603 2019 2814 2081 fluvios,
2881 2020 2932 2065 ut

548 2092 743 2143 ,castro
795 2086 1261 2152 Schwarzenberg,
1312 2089 1586 2153 provincia.
1629 2088 1804 2150 Milia,
1855 2093 2026 2141 castro
2073 2088 2433 2150 Ricbenbach,
2487 2093 2658 2138 castro
2694 2086 2965 2136 Licbten-'

562 2158 709 2207 stein
746 2156 999 2207 donatum
1038 2172 1171 2219 esse,
1211 2174 1274 2207 ex
1310 2158 1477 2207 literis
1513 2157 1612 2206 sub
1649 2173 1702 2207 n.
1741 2158 1806 2207 25
1845 2171 1877 2206 a
1911 2158 2069 2207 nobis
2107 2155 2284 2207 allatis
2320 2162 2484 2222 patet.

766 2226 924 2276 Nunc
957 2226 1026 2276 ad
1062 2228 1333 2291 regionem
1370 2227 1694 2277 Nifianorum
1709 2233 1760 2276 et
1775 2225 2129 2276 Milcanorum
2149 2232 2491 2277 revertamur.
2529 2224 2744 2276 Nisan
2761 2239 2929 2275 orum

564 2297 712 2363 regio
746 2294 1031 2359 adjacebat
1078 2296 1147 2346 ad
1196 2297 1519 2361 superiorem
1556 2296 1770 2347 alveum
1805 2295 1970 2345 Nisae
2005 2297 2172 2358 fluvii,
2210 2302 2426 2361 eratque
2461 2297 2613 2346 silvis.
2644 2293 2858 2345 horrida
2887 2298 2931 2342 et

563 2371 771 2431 tantum
818 2364 887 2415 ad
933 2366 1079 2429 ripas
1126 2365 1288 2417 Nisae
1336 2364 1529 2415 incolis
1566 2366 1842 2430 aliquanto
1879 2365 2220 2428 frequentior.
2293 2366 2472 2417 Prima
2509 2364 2624 2430 ejus
2657 2363 2853 2413 mentio
2883 2361 2934 2411 fit

562 2436 621 2483 in
674 2434 1064 2500 antiquissimis
1102 2434 1268 2485 literis
1306 2436 1644 2501 episcopatus
1681 2436 1996 2487 misnensis:
2047 2435 2092 2484 A
2148 2436 2322 2499 capite
2375 2436 2578 2485 Albeae
2614 2434 2852 2484 deorsum
2883 2433 2932 2480 in

562 2502 944 2554 occidentalem
982 2507 1202 2567 partem,
1240 2506 1333 2554 ubi
1370 2504 1563 2555 divisio
1599 2504 1888 2555 confinium
1925 2504 2150 2554 duarum
2187 2506 2464 2569 regionum
2517 2509 2613 2566 est,
2661 2502 2857 2553 Behem
2889 2503 2932 2549 et

562 2574 815 2623 Nisenen.
888 2573 953 2622 In
989 2572 1104 2636 ejus
1140 2574 1336 2623 finibus
1374 2578 1525 2625 erant
1560 2574 1726 2624 villae
1765 2574 2088 2625 Brochotina
2124 2574 2286 2637 sedin,
2323 2574 2630 2635 Liubitovo,
2663 2570 2930 2630 Kosobodi,

560 2641 817 2705 Jaselieo,
854 2642 1061 2703 Vosice,
1097 2642 1373 2706 Lusevice,
1412 2643 1859 2707 Hermannirilla,
1899 2644 2267 2710 Nikradevice,
2303 2644 2536 2705 Punice,
2567 2641 2930 2708 Ludgerovice‚

564 2715 665 2761 etc.
700 2711 1023 2761 Nisanorum
1058 2714 1376 2764 territorium
1414 2713 1714 2777 pertinebat
1747 2728 1916 2777 usque
1952 2713 2019 2763 ad
2057 2718 2291 2763 castrum
2341 2713 2558 2763 Drenov
2615 2709 2928 2777 (Zgorelicah

566 2780 709 2845 quod
755 2779 870 2843 jam
906 2782 963 2829 in
999 2786 1141 2831 terra
1175 2782 1529 2833 Milcanorum
1567 2783 1680 2832 sive
1716 2784 1772 2832 in
1811 2796 1940 2846 agro
1977 2783 2316 2833 Budisinensi
2355 2787 2471 2832 erat
2499 2783 2578 2847 (in
2595 2780 2830 2845 partibus
2845 2778 2929 2828 Mi·

563 2850 715 2901 lesko
742 2848 917 2914 1126).
956 2850 1103 2900 Villa
1138 2850 1485 2902 Sifridesdorf
1519 2851 1678 2916 juxta.
1714 2852 1965 2916 oppidum
2002 2852 2218 2915 Ostritz,
2255 2866 2376 2901 curn
2413 2851 2670 2901 coenobio
2707 2847 2930 2899 cisterci·

566 2921 709 2971 ensis
746 2918 947 2969 ordinis
987 2920 1319 2983 monialium,
1358 2920 1531 2971 Vallis
1568 2922 1624 2971 S.
1661 2922 1866 2971 Mariae
1903 2921 2042 2972 dicto
2079 2924 2360 2973 annol238
2409 2921 2639 2972 dioecesi
2675 2916 2930 2976 Misnensi,

565 3004 709 3039 anno
750 2989 884 3039 1245
922 2994 1104 3040 autem
1133 2988 1249 3053 jam
1286 2990 1515 3041 dioecesi
1550 2991 1809 3055 Pragensi
1859 2990 2260 3041 adscribebatur
2308 2991 2452 3055 (Erb.
2504 2990 2636 3055 Reg-
2672 2989 2717 3040 Ι.
2754 2987 2847 3038 935
2886 2988 2931 3034 et

704 3058 725 3125 )
772 3126 1239 3178 Milcanorum
1276 3129 1552 3194 provincia
1586 3144 1726 3192 pone
1761 3128 1992 3179 Nisanos
2027 3128 2387 3193 pandebatur3
2428 3128 2489 3179 in
2545 3142 2611 3177 ea
2656 3127 2826 3178 media
2855 3138 2930 3173 ca-

564 3201 737 3248 strum
772 3196 1002 3247 Budisin
1038 3203 1168 3264 erat,
1206 3212 1240 3247 a
1277 3214 1380 3263 quo
1408 3199 1553 3264 regio
1573 3198 1946 3249 Budifiinensis
1965 3198 2178 3248 saeculo
2199 3198 2323 3249 XII.
2343 3213 2538 3251 nomen
2555 3197 2720 3248 duxit.
2754 3195 2930 3259 Apris-

564 3268 647 3316 ois
680 3266 982 3317 Boboranis
1014 3267 1281 3317 Mile‘anos
1316 3266 1634 3333 sejungebat
1668 3268 1930 3317 latissima
1968 3266 2108 3317 silva
2143 3268 2462 3331 (Echemus,
2499 3266 2756 3317 Dedosesi
2783 3278 2931 3330 usque

560 3334 636 3387 ad
672 3335 903 3385 mediam
940 3335 1133 3385 silvam
1172 3350 1277 3401 qua
1314 3338 1666 3387 Milcanorum
1687 3344 1968 3387 occurrunt
1983 3338 2210 3400 termini,
2253 3338 2426 3399 1089),
2453 3351 2615 3401 quam
2635 3337 2931 3385 etiamnunc

565 3406 702 3455 1124
738 3406 877 3454 inter
914 3403 1201 3455 Saxoniam
1240 3411 1291 3455 et
1326 3406 1604 3456 Poloniam
1641 3406 1806 3455 fuisse
1840 3406 2070 3471 legimus
2107 3404 2350 3471 (Coum).
2377 3406 2808 3472 septemtrionem
2835 3418 2929 3453 ver-

562 3490 659 3525 sus
696 3474 843 3540 regio
876 3474 1245 3525 Budisinensis
1283 3488 1455 3541 usque
1490 3476 1561 3525 ad
1595 3476 1872 3525 Lusatiam
1909 3478 1946 3525 ἱ.
1985 3491 2030 3526 e.
2068 3476 2137 3525 ad
2187 3475 2374 3525 Slavos
2410 3476 2598 3525 Luziei
2637 3474 2802 3524 dictos
2833 3483 2930 3537 per·

562 3543 799 3603 ⁴sinebam
838 3558 887 3592 a.
930 3545 1063 3593 1245
1100 3543 1333 3595 confinia
1370 3544 1663 3594 tendebant
1703 3561 1796 3609 per
1831 3560 1897 3595 ea
1933 3546 2058 3594 loca'
2087 3544 2178 3595 ubi
2199 3560 2342 3595 nunc
2365 3546 2508 3595 vicos
2527 3545 2932 3609 Konigswartam

563 3611 829 3679 (Konocy)
868 3614 919 3662 et
954 3614 1195 3663 Wartam
1234 3612 1463 3679 (διώξει)
1498 3616 1808 3678 reperimus.
1881 3614 2168 3665 Provincia
2202 3614 2557 3665 Mili‘anorum
2605 3628 2700 3664 seu
2747 3612 2931 3663 Budisi-

559 3685 743 3733 nensis
776 3684 835 3731 in
868 3683 1175 3733 univer-mm
1192 3683 1638 3747 complectebatur
1651 3688 1826 3733 castra
1847 3684 2108 3749 villasque
2147 3682 2354 3745 Godw,
2394 3683 2700 3746 Ostriuzna,
2719 3682 2932 3733 Trebistc

564 3754 717 3815 1006,
760 3752 909 3813 10⁷1,
946 3752 1163 3801 Drenov
1198 3757 1385 3817 postea.
1420 3752 1682 3817 Izgorelic
1716 3753 2046 3818 appellatum
2085 3754 2239 3814 1131,
2275 3754 2470 3807 Prezez
2509 3752 2590 3816 (in
2639 3766 2781 3817 pago
2829 3750 2930 3801 uil-

560 3836 701 3871 zanu
740 3822 892 3884 1165,
928 3821 1379 3887 inpagoBudisin
1420 3822 1595 3885 1160),
1633 3822 1896 3873 Zockowa
1934 3824 2089 3882 1238,
2129 3822 2516 3884 Dobranovice‚
2556 3822 2801 3887 Koblice,
2836 3820 2925 3871 Ka-

564 3890 987 3955 novici-Konecy
1028 3892 1179 3949 1245,
1215 3890 1578 3955 Μγεῖθέονίοἰ,
1615 3892 1840 3955 Κυρέἰοί
1881 3893 2034 3943 1249.

775 3959 979 4024 „Pagos
1004 3958 1181 4009 „Nisen
1218 3965 1271 4009 et
1304 3960 1606 4009 Budessin“
1665 3961 1986 4010 Wratislaus
2037 3960 2109 4009 ΙΙ.
2154 3974 2245 4009 rex
2294 3960 2567 4025 wigberto
2615 3975 2808 4025 genero
2855 3968 2933 4008 suo

564 4028 703 4079 dotis
736 4030 955 4078 nomine
988 4028 1223 4090 tradidit,
1278 4030 1535 4095 Wigberti
1572 4034 1751 4079 autem
1789 4029 1949 4095 filius,
2031 4030 2315 4095 Henricus‚
2365 4043 2510 4079 anno
2551 4030 2688 4079 1128
2721 4032 2780 4077 in
2815 4029 2937 4078 exitu

559 4100 703 4147 vitae
740 4111 869 4148 suae
904 4100 1143 4163 promisit
1176 4104 1349 4149 totum
1384 4100 1604 4149 feudum
1639 4114 1794 4149 suum
1833 4098 2090 4149 Sobesiao
2109 4098 2220 4149 filio
2243 4098 2488 4149 sobeslai
2507 4098 2552 4147 Ι.
2601 4098 2934 4148 Bohemorum

562 4166 729 4232 ducis,
768 4168 1065 4219 astantibus
1100 4168 1298 4218 ibidem
1317 4169 1634 4233 primatibus
1671 4168 1959 4231 Saxonum,
1997 4168 2211 4220 favente
2247 4182 2372 4235 rege
2409 4166 2682 4231 Lotbario,
2705 4169 2796 4235 qui
2817 4178 2928 4217 eun·
