3150 5017
1440 257 1913 326 ...240—

488 435 795 506 dominus
834 455 975 512 rex,
1019 440 1217 520 prout
1258 453 1417 500 suae
1458 432 1713 518 gratiae
1743 429 2065 520 placuerit
2107 439 2175 500 et
2215 427 2602 496 visumsibi
2629 429 2870 513 «fuerit,

490 520 869 607 dignabitur
912 541 1361 609 compensare.
1446 575 1453 583 .
2361 521 2366 530 '
2644 567 2650 574 .

660 607 873 695 (XX).
936 608 1221 696 Insuper
1278 608 1334 672 si
1394 607 1537 673 sine
1593 605 1750 672 filiis
1822 605 2138 692 legitimis
2205 603 2554 670 masculini
2597 625 2862 686 .sexus‚

490 695 663 782 quod
687 695 873 773 absit,
920 695 1235 765 decedere
1259 715 1363 760 me
1388 695 1742 778 continget,
1789 693 2038 775 castris,
2067 690 2562 758 munitionibus
2587 698 2688 756 =et.
2707 713 2864 778 pos-

488 782 889 850 sessionibus
936 784 1099 849 meis
1141 781 1292 848 aliis
1336 781 1695 869 praedictis
1755 802 1840 846 ex
1899 789 2057 848 tunc
2116 780 2201 845 ad
2259 782 2476 868 ipsum
2507 779 2870 844 dominum

484 891 705 955 regem
750 878 821 938 et
859 891 1011 936 suos
1069 868 1345 936 heredes
1403 867 1856 944 redeuntibus,
1913 869 2056 954 ipse
2104 868 2408 934 dominus
2451 888 2574 932 rex
2619 865 2866 948 dotem,

484 977 659 1044 quae
700 956 1095 1045 lipgedin
1113 978 1209 1043 ge
1254 956 1618 1042 vulgariter
1634 954 1900 1031 dicitur,
1947 956 2174 1020 matris
2199 962 2264 1020 et
2293 955 2524 1036 uxoris
2543 975 2870 1035 mearum,

486 1063 681 1130 quam
726 1048 823 1111 eis
866 1047 936 1109 in
994 1043 1189 1109 bonis
1250 1055 1315 1110 et
1372 1041 1852 1109 munitionibus
1911 1041 2266 1125 praedictis
2327 1043 2754 1127 assignavero
2797 1049 2871 1106 et

486 1132 817 1213 dimisero,
864 1132 1151 1219 patietur
1192 1153 1303 1197 eas
1348 1152 1467 1218 per
1496 1131 1672 1196 vitae
1727 1131 2022 1216 ipsarum
2060 1137 2358 1218 tempora
2402 1127 2670 1216 pacifice
2713 1147 2872 1215 pos-

484 1215 734 1304 sidere3
781 1215 983 1286 feuda
1002 1219 1200 1287 etiam
1244 1239 1415 1306 quae
1458 1218 1529 1281 in
1574 1215 1826 1282 eisdem
1855 1215 2047 1282 bonis
2094 1219 2258 1282 meis
2289 1215 2667 1282 hominibus
2707 1235 2872 1280 con·-

484 1303 717 1386 tulero,
774 1292 915 1394 ipse
959 1304 1264 1372 dominus
1307 1326 1429 1370 rex
1474 1304 1667 1370 etiam
1731 1312 1880 1390 post
1924 1313 2204 1370 mortem
2262 1324 2510 1377 meam·⁴
2537 1324 2671 1370 non
2715 1323 2870 1382 eas-

462 1390 660 1462 -sabit
704 1414 827 1458 nec
868 1391 1165 1460 indebite
1209 1391 1513 1459 violabit.

656 1495 905 1582 (XXI.)
996 1497 1144 1562 Hoc
1202 1496 1359 1561 mihi
1421 1495 1742 1582 promisso
1810 1495 2186 1581 specialiter
2246 1517 2364 1583 per
2408 1493 2690 1562 eundem
2735 1494 2852 1559 do·

485 1585 738 1650 minum
782 1604 1025 1670 regem,
1071 1585 1125 1648 si
1169 1604 1340 1665 eum,
1388 1581 1565 1668 quod
1611 1582 1803 1664 absit,
1864 1583 2023 1647 mihi
2086 1585 2228 1648 sine
2274 1581 2626 1649 heredibus
2673 1603 2859 1670 prae-

486 1672 653 1736 mori
696 1675 1075 1756 contigeret,
1124 1669 1298 1758 quod
1344 1670 1503 1734 mihi
1563 1677 1630 1734 et
1687 1669 2039 1736 heredibus
2101 1671 2265 1735 meis
2309 1672 2377 1735 in
2424 1667 2856 1756 amplioribus

486 1757 807 1824 reditibus
870 1769 936 1824 et
994 1757 1202 1835 bonis,
1264 1767 1457 1844 prout
1516 1757 1588 1820 in
1647 1759 1790 1840 ejus
1848 1757 2062 1842 gratia
2121 1757 2322 1822 fuerit
2385 1767 2458 1822 et
2517 1757 2641 1822 sibi
2706 1755 2846 1843 pla-

490 1847 718 1926 cuerit,-
762 1847 1042 1930 gratiam
1086 1845 1289 1912 faciet
1329 1845 1699 1930 largiorem.
2709 1867 2712 1875 ·

660 1946 927 2034 (XXII.)
1017 1949 1365 2014 Praeterea
1424 1949 1478 2014 si
1523 1950 1666 2034 ipse
1709 1947 2014 2013 dominus
2073 1970 2193 2014 rex
2259 1957 2476 2015 castra
2536 1955 2602 2013 et
2647 1948 2860 2012 muni-

485 2038 717 2119 tiones,
764 2057 932 2122 quae
978 2036 1137 2101 mihi
1196 2035 1279 2101 ab
1341 2057 1419 2100 eo
1465 2035 1792 2100 debentur
1850 2056 1935 2099 ex
1980 2038 2458 2121 permutatione
2502 2035 2861 2121 praedicta,

486 2145 712 2189 omnes
757 2137 909 2190 ante
955 2144 1154 2210 pasca
1191 2124 1460 2188 Domini
1506 2125 1880 2209 proximum
1928 2125 2098 2188 sicut
2138 2130 2490 2189 tractatum
2533 2129 2651 2204 est,
2699 2121 2861 2186 mihi

488 2219 909 2298 praesentare
952 2211 1339 2297 nequiverit,
1387 2232 1505 2296 pro
1536 2231 1616 2275 eo
1659 2207 1957 2291 forsitan,
2003 2211 2160 2298 quia
2187 2233 2304 2298 per
2347 2209 2514 2276 alios
2562 2207 2858 2276 detinen-

486 2310 627 2364 tur:
687 2297 772 2362 ad
816 2296 1080 2364 illarum
1124 2308 1345 2363 tamen
1406 2299 2001 2384 praesentationem
2062 2297 2409 2373 tenebitur,
2472 2319 2634 2384 quas
2679 2318 2861 2363 nunc

487 2382 689 2450 habet
730 2383 837 2450 vel
883 2405 1049 2472 quas
1092 2386 1160 2449 in
1206 2386 1349 2472 ipso
1411 2386 1690 2449 termino
1751 2401 2214 2472 pascae-nunc
2257 2387 2559 2472 proximo
2621 2383 2861 2450 in'sua

488 2471 793 2537 habuerit
831 2479 1188 2559 potestate3
1232 2493 1352 2560 pro
1377 2471 1523 2537 aliis
1546 2478 1786 2554 autem,
1813 2494 1976 2559 quas
2004 2482 2421 2559 praesentare
2444 2493 2578 2538 non
2601 2473 2858 2560 poterit,

490 2557 691 2625 Gretz
738 2568 802 2624 et
846 2557 1118 2623 Orudim
1178 2560 1477 2623 civitates
1537 2580 1692 2623 suas
1743 2559 1942 2646 juxta
2015 2558 2291 2627 formam
2351 2581 2550 2646 super
2612 2558 2859 2646 obliga-

488 2647 669 2711 tione
712 2646 1002 2732 ipsarum
1026 2667 1403 2732 expressam
1449 2647 1748 2732 superius
1795 2645 1937 2711 Ioco
1985 2645 2141 2711 mibi
2189 2645 2476 2734 pignoris
2522 2645 2858 2732 obligabit.

580 2775 583 2782 ·
651 2747 985 2900 gxxnl.)
1080 2749 1382 2815 Promisit
1452 2750 1723 2836 insuper
1783 2751 1926 2836 ipse
1975 2751 2275 2818 dominus
2334 2773 2472 2838 rex,
2520 2749 2602 2816 de
2669 2750 2859 2816 bonis

489 2857 647 2927 prae
696 2837 841 2900 ictis
902 2838 988 2900 ad
1063 2858 1166 2901 me
1226 2859 1343 2924 per
1413 2838 1991 2903 commutationem
2065 2838 2445 2924 hujusmodi
2511 2835 2860 2918 devolutis,

491 2945 714 2990 creare
758 2932 825 2989 et
866 2922 1082 2989 facere
1141 2925 1584 3010 principatum
1645 2922 1771 2989 sibi
1815 2935 1879 2990 et
1922 2947 2126 3012 regno
2172 2948 2290 2990 suo
2351 2922 2429 2993 ac
2474 2926 2617 3012 ejus
2661 2924 2849 2990 here-

494 3011 689 3079 dibus
734 3019 1044 3098 perpetuo
1090 3011 1424 3076 subditum
1484 3019 1549 3078 et
1609 3011 1998 3097 subjectum,
2077 3032 2310 3100 meque
2371 3011 2606 3098 facere·
2653 3033 2848 3076 suum

488 3099 855 3188 principem
901 3097 985 3164 ad
1030 3097 1313 3165 eundem
1372 3098 1834 3186 principatum,
1880 3109 1944 3164 et
1990 3099 2070 3165 de
2115 3101 2258 3186 ipso
2307 3100 2514 3186 princi
2567 3109 2683 3164 atu
2739 3121 2851 3184 nie

494 3208 681 3251 suum
729 3193 795 3250 et
840 3185 964 3250 sibi
1025 3207 1103 3252 ac
1160 3206 1361 3271 regno
1423 3207 1539 3251 suo
1601 3185 1969 3274 subJectum
2031 3188 2394 3274 principem
2455 3209 2496 3252 a
2589 3187 2744 3276 Jura
2793 3193 2860 3252 et

494 3272 903 3338 conditiones
959 3272 1139 3338 feudi
1200 3293 1276 3338 ac
1335 3274 1404 3337 in
1465 3271 1734 3338 feudum
1797 3284 1860 3338 et
1919 3273 2005 3340 ad
2051 3276 2322 3340 servitia
2381 3287 2700 3360 expressa
2744 3293 2853 3340 su-

494 3362 716 3448 perius
774 3361 1105 3443 investire,
1168 3369 1428 3446 recepto
1491 3361 1672 3446 prius
1738 3382 1778 3424 a
1837 3383 1940 3426 me
2000 3383 2117 3448 per
2175 3360 2456 3426 eundem
2519 3359 2862 3448 dominum

493 3469 713 3533 regem
773 3447 855 3512 de
900 3447 1203 3535 homagio
1264 3456 1330 3514 et
1387 3446 1720 3523 fidelitate,
1780 3446 1903 3512 sibi
1965 3443 2030 3512 et
2089 3445 2225 3513 suis
2269 3447 2620 3516 heredibus
2665 3469 2855 3534 piae-

495 3534 747 3602 standis
792 3543 857 3600 et
899 3537 1223 3612 tenendis,
1267 3532 1592 3620 corporali
1637 3533 1851 3600 denuo
1897 3545 2330 3622 sacramento.

668 3637 980 3728 (XXIV.)
1024 3637 1311 3704 Admisit
1334 3640 1529 3704 etiam
1568 3637 1874 3704 dominus
1903 3660 2024 3708 rex
2056 3636 2430 3724 praedictus
2473 3649 2539 3707 et
2579 3639 2856 3707 liberam

495 3726 655 3798 mihi
696 3726 927 3793 tribuit
970 3725 1370 3807 facultatem,
1409 3727 1806 3792 munitiones
1851 3725 2217 3812 praedictas
2266 3727 2566 3795 mutandi
2613 3737 2678 3797 et
2724 3749 2860 3794 me·-

494 3815 622 3884 lius
664 3812 988 3890 firmandi,
1034 3813 1203 3880 sicut
1247 3813 1606 3901 expediens
1663 3811 1865 3880 fuerit
1921 3822 1987 3878 et
2031 3814 2188 3881 mihi
2236 3815 2572 3901 plac-uerit,
2622 3825 2688 3880 et
2739 3836 2850 3885 no·

496 3925 615 3970 vas
663 3903 717 3966 si
760 3900 1081 3987 placuerit
1125 3899 1566 3966 construendi.

668 4003 954 4094 (XXV.)
1010 4004 1177 4070 Item
1236 4006 1289 4070 si
1350 4004 1687 4090 burgravii
1749 4006 1831 4070 de
1879 4005 2312 4072 Borsenstein
2373 4017 2458 4072 et.
2499 4005 2843 4093 Saydowe,

498 4101 729 4162 eontra
770 4091 967 4158 fidem
1012 4093 1170 4156 mihi
1228 4093 1608 4180 praestitam
1654 4092 1998 4176 veniendo,
2046 4117 2130 4161 ex
2197 4093 2588 4182 quacunque
2655 4113 2860 4160 causa

495 4180 769 4263 nollent,
814 4168 973 4244 mihi
1018 4179 1247 4248 eadem
1293 4189 1509 4246 castra
1551 4179 1827 4252 reddere
1871 4181 1998 4267 ipsi
2022 4180 2288 4248 domino
2307 4182 2457 4268 regi
2501 4181 2673 4246 sieut
2714 4201 2861 4268 pro,-

498 4269 644 4338 misi
704 4275 771 4338 et
826 4274 1015 4332 tenor
1074 4268 1590 4352 praesentanda,
1651 4289 1736 4333 ex
1793 4276 1952 4332 tunc
2005 4269 2330 4356 quidquid
2399 4269 2554 4334 Otto
2615 4268 2696 4334 de
2740 4267 2860 4336 Ile-
