3150 5017
1353 380 1817 444 -151-

483 550 609 616 Pro
667 551 939 616 hum-ani
991 551 1442 636 redemptione
1512 551 1775 634 generis
1838 551 2089 614 aeterni
2158 551 2329 634 regis
2388 550 2562 618 filius
2607 553 2691 619 ab

298 638 464 702 altis
507 638 836 703 coelorum
897 637 982 702 ad
1043 640 1178 703 ima
1240 636 1667 716 descendens,
1715 656 1799 700 ne
1846 644 2205 720 perpetuae
2253 636 2693 704 damnationis

296 745 423 790 sen
455 725 700 790 entiam
761 725 1097 810 exciperet
1161 723 1377 802 hom0,
1443 723 1774 786 incarnari
1838 721 1919 786 de
1984 721 2254 807 Virgine
2302 722 2509 788 voluit
2552 725 2690 809 glo-

296 733 486 958 rios&
542 819 608 874 et
653 831 740 874 ex
783 808 1042 874 illibata
1085 811 1330 895 pietate
1401 830 1557 873 suae
1604 809 2015 892 compatiens
2060 815 2425 890 creaturae,
2486 831 2683 896 quam

297 899 541 962 oeteis
595 895 842 962 fecerat
899 895 1267 980 digniorem
1294 942 1312 977 ,
1371 895 1585 958 crucis
1648 893 1871 960 subire
1937 901 2263 959 tormenta
2332 903 2397 959 et
2463 899 2689 962 mortis

299 981 810 1046 amaritudinem
868 1003 1004 1046 non
1048 983 1334 1066 expavit.
1424 981 1583 1045 Post
1626 1003 1815 1044 suam
1873 979 2097 1065 itaque
2140 984 2689 1048 resurrectionem

299 1090 342 1132 a
393 1069 666 1132 mortuis
725 1089 842 1153 per
899 1069 1222 1132 mundum
1283 1067 1564 1132 instituit
1628 1067 1941 1131 ecclesias
1986 1067 2389 1150 universum,
2450 1069 2691 1154 quibus

301 1153 390 1218 ob
437 1155 730 1219 remedia
773 1154 1141 1219 schismatis
1187 1147 1505 1238 praefecit
1552 1174 1778 1234 unum,
1824 1174 2023 1237 super
2068 1174 2263 1238 quem
2310 1154 2688 1221 aedificavit

299 1236 678 1321 ecclesiam,
748 1249 814 1304 et
871 1243 1088 1326 ipsum
1147 1240 1416 1304 Petrum
1477 1260 1516 1302 a
1575 1247 1764 1322 petra
1842 1239 2227 1318 nominavit,
2284 1239 2449 1304 dans
2510 1244 2568 1307 ei
2614 1245 2684 1306 in

297 1325 656 1392 traditione
699 1326 983 1393 clavium
1030 1327 1220 1410 regni
1266 1325 1569 1390 coelestis
1616 1327 1685 1389 in
1732 1325 1989 1409 signum
2040 1325 2412 1391 dilectionis
2437 1329 2684 1412 specia-

297 1411 596 1478 lissimae
639 1412 991 1497 singu-laris
1017 1412 1347 1498 privilegii
1439 1420 1802 1492 otestatem‚
1850 1419 1922 1474 ut
1966 1432 2279 1496 quoscum
2332 1434 2411 1476 ue
2447 1412 2685 1498 ligaret

295 1498 410 1564 vel
471 1498 756 1564 solveret
814 1521 1011 1584 super
1067 1507 1330 1580 terram,
1388 1435 1573 1582 ligati
1617 1497 2019 1562 haberentur
2062 1498 2134 1561 in
2180 1518 2296 1562 coe
2322 1499 2379 1562 is
2425 1500 2533 1564 vel
2580 1522 2681 1565 so-

291 1583 455 1670 luti3
502 1585 690 1671 cujus
735 1586 934 1650 etiam
977 1583 1218 1650 dicioni
1261 1583 1593 1669 praefatas
1637 1585 1961 1649 commisit
2006 1583 2319 1648 ecclesias
2365 1585 2681 1653 effusione

291 1672 756 1758 pretiosissimi
815 1673 1154 1755 sanguinis
1213 1679 1568 1756 perpetuae
1630 1669 1909 1734 donatas
1974 1669 2279 1734 libertati.
2368 1671 2477 1736 Ad
2522 1694 2679 1758 qua-

285 1779 446 1823 rum
491 1759 1121 1823 consummationem
1164 1766 1350 1822 tanto
1396 1755 1641 1820 debent
1684 1777 2037 1840 regnorum
2085 1764 2372 1821 rectores
2442 1767 2509 1822 et
2551 1769 2679 1824 ter-

287 1866 519 1912 rarum
577 1844 907 1930 principes
963 1844 1259 1908 universi
1321 1841 1675 1908 studiosius
1722 1840 2056 1920 anhelare,
2120 1849 2364 1926 quanto
2412 1842 2679 1910 damna-

287 1929 498 1996 bilius
557 1939 655 1994 est
714 1929 1016 1995 coelestis
1083 1931 1255 2014 regis
1315 1929 1594 2014 gratiam
1671 1927 1917 1990 homini
1986 1928 2231 1991 violare
2304 1927 2681 2014 christianO,

289 2017 415 2081 tali
461 2017 838 2102 praecipue,
890 2016 996 2079 cui
1043 2036 1082 2078 a
1124 2017 1270 2082 Deo
1315 2013 1520 2100 gladii
1567 2022 1667 2076 est
1710 2021 2002 2098 potestas
2048 2015 2117 2077 in
2163 2016 2353 2078 terris
2417 2013 2676 2098 collata,

289 2102 384 2168 ad
439 2101 702 2170 laudem
760 2102 1082 2168 bonorum
1150 2111 1218 2168 et
1283 2121 1739 2188 perversorum
1794 2099 1997 2184 juxta
2042 2121 2230 2164 suam
2276 2101 2677 2185 exigentiam

287 2191 700 2271 meritorum,
732 2187 1106 2268 „ultionem,
1165 2210 1244 2254 ac
1301 2189 1554 2252 ratione
1618 2185 1985 2250 dominicae
2046 2187 2385 2271 potestatis
2452 2188 2675 2253 huma-

287 2297 454 2340 nam
511 2285 817 2342 teneatur
867 2271 1214 2339 audaciam
1276 2281 1595 2340 coercere.
1686 2271 1857 2336 Nam
1918 2273 2040 2337 etsi
2102 2273 2455 2357 cujuslibet
2513 2273 2676 2340 chri·

289 2363 496 2426 atiani
559 2362 642 2426 sit
706 2356 1014 2442 hominiS,
1074 2361 1290 2429 finalis
1363 2359 1534 2424 diem
1585 2356 1823 2444 judicii
1887 2353 2263 2438 formidare,
2324 2362 2677 2448 praecipue

286 2458 520 2514 tamen
579 2455 884 2534 potentes
941 2450 1173 2513 terreri
1234 2446 1494 2526 debent,
1563 2467 1711 2508 cum
1760 2441 1909 2531 plus
1956 2446 2260 2529 exigatur
2305 2445 2388 2510 ab
2434 2468 2531 2528 eo,
2578 2449 2684 2512 cui

286 2531 450 2621 plus
526 2533 950 2599 committitur
1008 2538 1074 2598 et
1132 2532 1378 2620 gradus
1437 2529 1854 2597 altitudinem
1932 2532 2119 2619 sequi
2204 2531 2413 2598 soleat
2492 2555 2682 2600 casus

285 2623 611 2707 gravitas.

469 2708 655 2777 Inter
697 2703 1076 2792 hujusmodi
1101 2727 1260 2770 sane
1282 2714 1652 2770 nostrarum
1686 2703 2283 2768 considerationum
2308 2726 2519 2789 curas,
2544 2707 2685 2792 qui·

283 2793 420 2859 bus
447 2793 764 2860 altissimo
792 2794 1070 2857 creatori
1094 2800 1336 2872 nostro,
1355 2789 1438 2856 de
1462 2791 1653 2875 cujus
1672 2789 2116 2855 misericordia
2140 2791 2339 2854 vitam
2368 2801 2432 2856 et
2454 2813 2682 2858 omnes

285 2879 652 2964 dignitates
715 2886 976 2944 nostras
1017 2898 1132 2944 seu
1191 2879 1489 2957 honore8‚
1535 2876 1777 2962 quibus
1822 2874 2265 2961 temporaliter
2324 2876 2679 2962 fungimur,

285 2965 714 3056 possidemus
759 2972 826 3030 et
869 2972 1139 3029 aeterna
1181 2985 1522 3050 speramus
1569 2963 1848 3048 placere,
1912 2970 2229 3048 quantum
2284 2961 2487 3048 ipsius
2534 2986 2679 3049 per-

284 3053 496 3118 mittit
517 3053 752 3137 gratia,
796 3051 1118 3116 laetantes
1163 3053 1613 3136 proponimus,
1662 3071 1969 3134 suprema
2015 3056 2231 3112 mente
2278 3047 2678 3115 revolvimus

290 3148 364 3204 et
437 3139 791 3204 devotione
865 3135 1088 3201 debita
1171 3138 1586 3222 cogitamus:
1671 3135 1951 3222 qualiter
2016 3133 2316 3218 inprimis
2399 3143 2674 3200 matrem

284 3225 470 3306 fidei,
517 3226 894 3308 magistram
960 3220 1224 3289 divinae
1283 3223 1467 3306 legis,
1529 3228 2009 3286 sacrosanctam
2060 3221 2423 3284 Romanam
2472 3221 2677 3286 eccle-

292 3313 487 3394 siam,
564 3330 762 3402 quam
810 3308 992 3372 cultu
1039 3331 1226 3374 sacro
1273 3309 1468 3373 corde
1513 3309 1757 3394 pariter
1801 3327 1879 3369 ac
1926 3327 2197 3391 corpore
2264 3328 2679 3390 veneramur,

285 3397 542 3463 honore
582 3394 802 3462 debito
829 3403 894 3460 et
918 3393 1133 3480 dignis
1179 3397 1246 3460 in
1291 3395 1609 3460 Dominio
1656 3393 1941 3458 servitiis
1979 3393 2391 3473 honoremus,
2439 3390 2677 3458 deinde

285 3490 547 3548 ceteras
604 3483 675 3545 in
721 3490 942 3545 nostro
1047 3484 1356 3568 raecipue
1422 3480 1713 3544 dominio
1781 3480 2087 3563 congruis
2155 3477 2491 3546 favoribus
2536 3489 2675 3545 tan-

290 3591 492 3658 quam
539 3569 848 3654 princeps
893 3506 1252 3633 catholicus
1297 3567 1691 3638 attollamus.

467 3655 644 3720 Sane
699 3652 785 3718 ad
831 3653 1144 3720 honorem
1187 3654 1316 3718 Dei
1362 3653 1861 3739 omnipotentie,
1922 3651 2109 3737 cujus
2172 3652 2406 3732 spiritu
2466 3659 2671 3715 totum

291 3762 536 3828 corpus
582 3740 898 3806 ecclesiae
942 3742 1210 3825 regitur,
1259 3749 1324 3805 et
1366 3740 1709 3804 beatorum
1756 3745 2117 3821 martyrum
2181 3736 2337 3817 Viti,
2392 3735 2673 3802 Wence-

291 3827 434 3906 slai,
479 3823 846 3906 Adalberti‚
891 3826 1252 3911 inquorum
1298 3825 1546 3891 honore
1571 3834 1801 3889 sancta
1824 3824 2175 3908 Pragensis
2216 3822 2494 3889 ecclesia
2542 3825 2673 3908 epi-

293 3912 541 3999 scopali
586 3911 897 3977 cathedra
943 3913 1248 3978 decorata
1291 3909 1568 3976 fundata
1612 3911 2051 3995 dignoscitur3
2100 3909 2181 3973 de
2227 3909 2415 3993 cujus
2476 3910 2670 3973 etiam

297 4020 566 4084 corpore
627 3999 1036 4084 suscepimus
1095 3997 1240 4062 Deo
1318 3999 1601 4083 propitio
1662 3998 1867 4061 nostri
1925 3997 2155 4082 capitis
2226 3993 2549 4076 diadema,
2609 4007 2675 4060 et

299 4083 808 4184 plenaeregiae
854 4084 1194 4170 dignitatis
1241 4084 1462 4168 adepti
1509 4105 1737 4148 sumus
1789 4089 2198 4167 potestatem,
2244 4097 2563 4167 perpetua
2608 4090 2672 4147 et

301 4170 732 4254 irrefragabili
777 4173 1067 4258 gaudere
1111 4169 1417 4236 volumus
1465 4169 1784 4235 libertate.
1873 4168 1981 4231 Ita
2024 4166 2375 4248 videlicet,
2442 4177 2517 4232 ut
2585 4169 2668 4232 ab

297 4259 595 4327 omnibus
641 4256 923 4324 sordidis
969 4257 1353 4322 muneribus
1396 4257 1483 4320 sit
1522 4264 1849 4339 exempta,
1894 4251 1977 4318 ab
2020 4255 2306 4339 angariis
2348 4264 2413 4320 et
2434 4267 2669 4340 paran-

296 4345 490 4433 gariis
532 4345 858 4415 universis
902 4346 1232 4420 immunis,
1295 4343 1381 4411 ab
1441 4343 1860 4412 exactionum
1921 4341 2385 4408 vexationibus
2430 4340 2666 4407 aliena.
