3150 5017
1199 319 1633 387 ...89-

399 1881 549 1946 VH„
599 1885 660 1964 §-
692 1881 750 1945 1.
786 1879 1036 1961 Quodsi
1081 1879 1230 1946 falsi
1261 1880 1366 1945 de·

247 1968 403 2031 narii
427 1965 606 2054 apud
631 1967 914 2055 aliquem
942 1965 1220 2053 probum
1249 1966 1367 2032 ho-

243 2054 465 2119 minem
525 2055 782 2120 inventi
855 2053 1118 2132 fuerint,
1183 2062 1250 2120 et
1309 2054 1365 2120 si

243 2139 400 2204 idem
457 2139 656 2224 homo
719 2140 914 2221 dicit,
974 2138 1150 2228 quod
1201 2138 1368 2205 alter

244 2225 470 2310 probus
514 2225 714 2294 homo
761 2226 945 2292 dedit
989 2227 1050 2292 ei
1071 2226 1223 2293 illos
1257 2226 1366 2292 de·

243 2313 476 2378 nai-inst
523 2313 644 2382 ille
688 2312 856 2380 alter
896 2313 1091 2380 homo
1131 2313 1366 2380 melius

246 2408 442 2484 potest
483 2423 554 2467 se
620 2401 1076 2488 metseptimus
1121 2422 1364 2488 expur-

247 2506 405 2570 gare,
447 2508 645 2574 quam
689 2486 804 2554 ille
858 2487 1110 2573 primus
1173 2489 1366 2554 homo

247 2575 435 2656 possit
490 2595 644 2639 eum
703 2576 1158 2662 metseptimus
1205 2595 1363 2640 con-

245 2659 508 2725 vincere.
554 2665 622 2742 ἓ.
677 2661 736 2725 2.
797 2661 870 2727 Si
928 2669 1144 2726 autem
1206 2660 1368 2726 dicit

249 2746 407 2830 quod
462 2749 866 2813 monetarius
943 2747 1194 2814 dederit
1267 2749 1362 2813 ei:

247 2838 388 2896 tunc
427 2836 570 2920 ipse
617 2834 1068 2919 metseptimus
1127 2833 1366 2900 melius

247 2927 440 3002 potest
479 2920 912 2987 monetarium
954 2921 1366 3004 convincere,
1413 2933 1420 2940 ’

250 3025 428 3089 quam
467 3009 874 3074 monetarius
913 3009 1366 3095 metseptimus

253 3111 314 3155 se
354 3091 722 3160 defendere.

403 3265 588 3334 VHI.
679 3267 806 3354 (De
893 3268 1154 3352 judice.)
1241 3267 1368 3334 No·

252 3345 344 3414 bis
397 3353 652 3420 civibus
718 3351 1030 3440 expedire
1088 3353 1366 3430 videtur,

257 3437 308 3515 ἓ.
335 3443 383 3504 1.
405 3461 486 3506 ne
528 3442 602 3506 in
648 3439 873 3526 aliqua
895 3440 1160 3508 civitate
1182 3441 1368 3527 regni

251 3518 448 3606 plures
465 3529 598 3593 sint
617 3525 867 3613 judices
883 3527 1012 3593 nisi
1031 3549 1366 3614 unus,pro·

253 3615 382 3692 pter
421 3613 838 3680 concordiam
899 3621 964 3680 et
1009 3637 1258 3700 pacem.
1305 3619 1366 3697 ἓ.

257 3693 306 3759 2.
345 3695 410 3762 Si
451 3701 648 3783 jurati
691 3701 762 3766 in
806 3701 1129 3766 matutino
1171 3700 1366 3770 collo-

259 3782 392 3866 quio
431 3786 716 3875 aliquem
775 3789 1249 3866 accusaverint,
1304 3796 1370 3854 et

261 3867 306 3930 si
342 3870 534 3953 iudex
576 3896 726 3940 cum
752 3875 916 3960 ipsis
931 3874 1232 3956 judicare
1254 3897 1365 3941 no-

260 3951 458 4059 luerit:
495 3961 702 4048 ,iurati
745 3963 1130 4029 innocentes
1176 3971 1366 4028 erunt

261 4047 318 4104 et
373 4047 541 4114 udex
583 4049 654 4113 in
719 4047 916 4136 culpa
975 4049 1365 4119 remanebit.

266 4128 320 4205 §-
340 4065 392 4193 ἐν.
431 4133 500 4199 Si
521 4143 740 4202 autem
763 4157 946 4202 mora
975 4135 1368 4222 procedente

263 4211 448 4320 fuum?
461 4215 760 4322 judicare
803 4222 1106 4308 noluerit,
1129 4222 1370 4290 debent

255 4311 434 4381 Jurati
465 4329 680 4395 ipsum
721 4331 1012 4395 monere,
1037 4320 1110 4378 ut
1113 4309 1370 4397 judicet

1464 493 1593 559 rati
1636 513 1753 579 per
1794 511 2024 577 preces
2082 490 2363 578 alicujus
2408 488 2597 556 indu·

1474 589 1713 645 cuntur
1753 577 1862 644 vel
1904 601 1947 642 a
1979 578 2210 664 judice
2264 579 2613 642 mittuntur

1471 665 1560 733 ad
1604 665 2005 732 audiendum
2039 663 2262 752 aliqua
2286 665 2609 750 promissa

1473 752 1583 820 vel
1628 752 1829 819 verba
1857 751 2171 839 alicujus3
2203 750 2512 839 quicquid
2536 772 2609 817 se

1471 839 1805 906 audivisse
1864 846 2348 926 protestantur,
2422 859 2607 904 revo—

1473 929 1609 992 cari
1653 949 1785 992 non
1830 927 2102 1014 poterit3
2163 927 2219 990 si
2274 946 2429 992 vero
2474 946 2608 991 non

1470 1016 1689 1080 vocati
1749 1035 1872 1079 nec
1931 1011 2275 1099 postulati,
2336 1014 2405 1076 in
2468 1011 2607 1077 foro

1475 1123 1591 1166 seu
1636 1100 1943 1181 taberna,
1989 1102 2339 1187 quicquam
2384 1099 2607 1163 au'die-

1469 1190 1634 1255 rint:
1682 1194 2025 1252 accusatus
2056 1186 2141 1252 ab
2165 1188 2260 1251 eis
2285 1185 2459 1250 dicta
2490 1207 2611 1251 sua

1471 1297 1690 1340 coram
1717 1274 1971 1361 judicio
2010 1274 2250 1360 poterit
2278 1293 2607 1338 revocare.

1473 1367 1530 1444 ξ.
1581 1363 1642 1427 8.
1693 1361 1765 1426 Si
1811 1368 2029 1426 autem
2079 1381 2381 1442 enormes
2426 1369 2609 1425 actus

1471 1446 1715 1514 alicubi
1762 1447 2065 1529 viderint,
2114 1457 2184 1512 ut
2208 1445 2603 1512 vulneratio-

1469 1557 1609 1617 nes,
1660 1534 2110 1601 baculationes
2156 1535 2295 1600 sive
2342 1531 2605 1619 capilla-

1469 1624 1681 1688 tiones
1756 1630 1821 1686 et
1888 1621 2271 1706 evaginatos
2348 1618 2605 1706 gladios

1468 1708 1575 1784 vel
1600 1705 1900 1774 cultellos
1927 1708 2034 1774 vel
2059 1706 2308 1795 aliquid
2346 1707 2607 1772 talium:

1469 1805 1815 1861 accusatus
1873 1796 1958 1860 ab
2026 1797 2122 1861 eis
2168 1795 2565 1860 convicetur.

1648 1882 1797 1947 VH.
1842 1884 2015 1963 Item,
2062 1883 2139 1946 de
2160 1882 2373 2032 galeis
2417 1882 2609 1946 dena-

1470 1971 1609 2033 riis.
1656 1973 1713 2051 ξ.
1766 1968 1823 2033 1.
1870 1967 1943 2033 Si
1985 1967 2134 2033 falsi
2205 1968 2409 2032 enarii
2434 1967 2611 2053 apud

1472 2054 1756 2141 aliquem
1783 2055 2130 2120 honestum
2156 2053 2485 2119 hominem
2512 2054 2608 2118 in·

1471 2143 1653 2207 venti
1679 2141 1941 2220 fuerint,
1968 2150 2033 2206 et
2057 2142 2109 2206 si
2135 2142 2307 2205 idem
2344 2139 2607 2221 dixerit,

1477 2229 1603 2294 sibi
1648 2227 1813 2294 tales
1859 2227 2162 2292 denarios
2230 2248 2375 2292 esse
2420 2225 2609 2290 datos

1472 2315 1556 2381 ab
1604 2315 1735 2381 alio
1767 2315 1909 2381 viro
1930 2313 2197 2380 illaesae
2228 2315 2478 2380 famae:
2511 2335 2609 2378 re-

1471 2401 1804 2490 spondens
1852 2401 2083 2468 melius
2108 2409 2321 2489 potest
2344 2422 2412 2466 se
2448 2409 2606 2466 met-

1475 2491 1792 2575 septimus
1838 2510 2231 2576 expurgare,
2278 2509 2471 2575 quam
2506 2508 2609 2552 ac-

1471 2585 1576 2640 tor
1649 2576 1854 2662 possit
1914 2597 2063 2640 eum
2134 2575 2611 2661 met-septimus

1472 2665 1837 2728 convicere.
1886 2667 1947 2745 ξ.
1994 2665 2053 2726 2.
2102 2661 2173 2728 Si
2218 2671 2434 2728 autem
2464 2682 2609 2746 pro·

1471 2751 1685 2816 fessus
1730 2749 1947 2831 fuerit,
1996 2770 2065 2814 se
2110 2748 2195 2814 ab
2242 2749 2603 2813 monetario

1471 2836 1639 2901 tales
1700 2840 2025 2922 recepisse
2088 2835 2423 2900 denarios:
2493 2855 2607 2899 ex-

1470 2931 1631 2990 tunc
1676 2923 2159 3009 met-septimus
2205 2920 2437 2986 melius
2487 2942 2607 3007 po-

1469 3011 1623 3076 terit
1694 3009 2129 3074 monetarium
2196 3008 2607 3083 convincere,

1473 3119 1670 3182 quam
1694 3096 2093 3162 monetarius
2116 3116 2185 3160 se
2208 3095 2415 3182 possit
2444 3101 2607 3159 met-

1473 3183 1791 3270 septimus
1839 3205 1923 3248 ex
1972 3203 2225 3268 urgare.

1648 3269 1833 3335 VIII.
1948 3270 2211 3354 efor‘ma
2226 3266 2607 3354 maniloqui:

1472 3379 1665 3425 orum.
1729 3355 1938 3422 Nobis
1983 3353 2241 3422 civibus
2289 3355 2607 3441 expedire

1471 3443 1757 3526 videtur,
1804 3447 1863 3526 ξ.
1914 3445 1967 3508 1.
2015 3464 2099 3508 ne
2144 3442 2212 3507 in
2258 3441 2481 3528 aliqua
2520 3442 2607 3504 ci-

1472 3531 1676 3596 vitate
1721 3531 1909 3615 regni
1964 3529 2185 3616 plures
2243 3529 2379 3594 sint
2433 3525 2610 3613 judi-

1474 3638 1603 3698 ces,
1649 3638 1844 3703 quam
1892 3639 2085 3692 unus,
2143 3624 2410 3703 propter
2453 3634 2607 3678 con-

1474 3704 1764 3769 cordiam
1811 3711 1877 3768 et
1899 3724 2150 3788 pacem,
2176 3710 2241 3769 et
2269 3722 2465 3787 quam
2496 3699 2611 3764 diu

1475 3790 1714 3877 aliquis
1749 3789 2005 3877 judicio
2050 3791 2287 3868 utitur,
2356 3787 2412 3851 si
2457 3799 2610 3855 ante

1466 3878 1730 3963 juratus
1752 3875 1967 3959 fuerit,
1986 3873 2128 3944 loco
2137 3873 2341 3960 jurati
2353 3871 2609 3940 nullum

1474 3966 1712 4051 poterit
1734 3985 2063 4030 accusare.
2110 3965 2167 4044 ξ.
2184 3961 2246 4028 2.
2272 3959 2459 4051 Item,
2484 3969 2608 4026 sta-

1472 4051 1590 4118 tim
1653 4059 1913 4136 sumpto
1963 4048 2217 4135 judicio
2268 4049 2608 4134 juramen-

1473 4145 1615 4204 tum
1674 4139 1745 4202 in
1790 4136 2162 4205 sanctuario
2228 4135 2609 4224 praestabit,

1473 4221 1652 4310 quod
1716 4223 1970 4310 justum
2036 4223 2359 4311 judicium
2386 4272 2405 4305 ,
2486 4243 2610 4290 nec

1470 4319 1740 4399 propter
1781 4332 2099 4398 personas
2166 4333 2291 4378 nec
2340 4317 2607 4397 propter
