3150 5017
1505 314 1977 380 -268—

543 488 716 553 hanc
760 482 1020 574 semper
1063 488 1403 574 ponimus:
1451 488 1665 553 Omne
1712 485 2033 573 quidquid
2079 486 2261 571 prius
2308 484 2767 572 imperfectum
2805 488 2895 546 aut

544 575 888 639 confusum
934 573 1302 650 videbatur,
1347 573 1472 639 hoc
1519 595 1891 662 expurgare
1934 580 1999 637 et
2036 570 2425 661 perfectum-
2450 594 2534 637 ex
2557 569 2891 671 inperfecto

542 660 825 726 lucidius
873 661 1231 726 declarare.
1327 660 1628 747 Cumque
1690 684 1775 727 ex
1819 657 2117 747 pluribus
2180 658 2372 724 nobis
2418 655 2891 754 quaestionlbus

539 770 659 834 per
703 757 959 813 nostros
1021 755 1370 813 montanos
1431 769 1556 813 con
1610 748 1898 815 uerendo
1946 746 2322 833 propositis,
2366 746 2692 811 instanter
2728 744 2890 830 justl-

539 836 698 899 tiam
743 833 1176 919 postulantes,
1236 833 1446 914 multa
1491 835 1593 901 col
1625 834 1971 920 egerimus,
2036 841 2171 898 tam
2217 840 2486 919 propter
2520 832 2693 917 juris
2738 832 2891 915 igno-

526 920 820 997 ,rantiam
867 942 1063 1006 quam
1155 929 1375 1007 ropter
1421 920 1748 987 defectum
1802 921 2107 1007 jurisque
2152 917 2373 984 consu·
2389 920 2609 984 ionem
2676 936 2896 982 corree-

540 1009 719 1074 tione
764 1007 985 1092 digna,
1034 944 1150 1072 seg
1196 1006 1611 1092 legislatione
1678 1006 1959 1073 clariore
2004 1007 2233 1095 utique
2276 1027 2411 1070 non
2458 1001 2895 1104 indigna-Vo-

537 1093 756 1158 lentes
823 1116 981 1178 ergo
1040 1094 1110 1157 in
1171 1092 1297 1157 hoc
1358 1094 1563 1171 libre,
1642 1095 1748 1159 cui
1824 1115 2065 1160 nomen
2142 1092 2431 1179 speciale
2489 1089 2899 1157 adscribimus

544 1181 733 1263 „Jus
777 1178 1106 1265 Regale
1150 1180 1818 1263 Montanorum‚“
1870 1180 2321 1266 omnemjuris
2354 1178 2661 1266 supplere
2710 1174 2898 1242 defec-

533 1276 696 1348 tum,
758 1274 825 1331 et
883 1266 1207 1353 quidquid
1268 1268 1335 1331 in
1388 1269 1541 1353 jure
1619 1268 1824 1333 veteri
1904 1266 2260 1331 dubietatis
2336 1264 2553 1347 fuerit,
2630 1264 2901 1351 apertius

536 1353 822 1418 enodare
883 1375 962 1417 ac
1035 1354 1472 1419 illuminatam
1555 1354 1864 1421 omnibus
1943 1351 2479 1420 desiderantibus
2554 1350 2900 1417 doctrinam

529 1440 700 1518 juris
744 1439 1006 1505 tradere
1041 1450 1540 1522 montanorum3
1592 1440 1925 1507 subtiliter
1970 1438 2309 1518 intuend0‚
2358 1438 2533 1524 quod
2556 1438 2771 1502 omnis
2812 1456 2903 1499 res

535 1547 654 1610 per
699 1526 1091 1590 divisionem
1142 1525 1378 1592 melius
1424 1529 1739 1613 aperitur,
1802 1549 1877 1592 eo
1925 1526 2102 1614 quod
2164 1525 2402 1591 divisio
2462 1526 2901 1611 cujuscunque

535 1613 749 1696 operis
796 1614 1093 1677 animum
1142 1612 1420 1699 legentis
1464 1616 1715 1694 incitat,
1762 1622 2183 1700 mentemque
2248 1611 2682 1697 intelligentis
2731 1629 2905 1697 prae·

534 1706 762 1783 parat,
831 1701 1343 1785 memoriamque
1427 1702 1778 1767 artificiose
1842 1698 2196 1766 reformat:
2260 1699 2509 1763 idcirco
2567 1696 2696 1763 hoc
2759 1716 2905 1781 opus

535 1794 830 1850 nostrum
877 1786 964 1850 ad
1021 1786 1532 1871 ,intelligentiam
1609 1787 1996 1874 ampliorem
2057 1788 2128 1851 in
2188 1785 2309 1850 hos
2370 1793 2653 1871 quatuor
2716 1782 2907 1848 libros

534 1870 844 1936 duximus
907 1872 1421 1958 distingendum‚
1490 1884 1563 1939 ut
1609 1896 1853 1951 omnes,
1902 1895 2179 1962 quorum
2226 1874 2498 1937 interest
2542 1872 2714 1936 scire
2759 1868 2907 1935 haec

527 1958 704 2044 jura,
751 1959 1083 2025 veteribus
1146 1960 1451 2026 obmissis
1513 1958 1926 2047 ambagibuS‚
1988 1982 2215 2026 veram
2276 1960 2345 2023 in
2406 1960 2502 2024 eis
2538 1958 2717 2045 juris
2762 1976 2906 2044 pru·

531 2044 823 2111 dentiam
869 2054 1333 2111 montanorum
1381 2048 1825 2136 speculentur,
1873 2056 1940 2112 et
1983 2044 2519 2133 quod.deinceps
2562 2046 2779 2110 nostri
2814 2043 2906 2129 ju·

528 2133 620 2195 ris
666 2131 1020 2197 illuminati
1065 2130 1386 2199 beneficio
1432 2156 1550 2221 per
1609 2134 1941 2220 legitimos
2001 2134 2214 2220 ipsius
2264 2132 2439 2219 juris
2482 2132 2787 2199 tramites
2831 2125 2908 2193 ad

526 2218 854 2303 justitiam
901 2219 1273 2285 faciendam
1337 2222 1479 2286 sine
1541 2221 1735 2287 devio
1800 2219 2155 2286 salubriter
2196 2217 2599 2305 gradientur.

700 2306 914 2371 Omne
958 2316 1176 2373 autem
1211 2308 1328 2391 jus
1373 2317 1782 2391 montanum,
1829 2329 1958 2395 quo
2007 2307 2275 2383 utimur,
2335 2314 2450 2371 aut
2493 2306 2788 2392 pertinet
2828 2300 2906 2368 ad

524 2410 861 2476 personas,
907 2400 1020 2457 aut
1064 2392 1147 2458 ad
1193 2394 1731 2480 argentifodinas,
1776 2394 1884 2461 vel
1917 2394 2003 2459 ad
2032 2394 2508 2476 concessiones,
2555 2393 2910 2480 petitiones

524 2485 590 2543 et
633 2499 860 2543 eorum
909 2478 1343 2547 coherentias.
2475 2502 2481 2510 ·

1195 2737 1608 2826 Liber
1694 2739 2231 2847 primus.

1584 2918 1854 3001 cap.1.

693 3082 825 3150 Sed
869 3087 1081 3172 primo
1141 3086 1225 3152 de
1284 3090 1584 3174 personis
1642 3088 2049 3174 videamu83-
2079 3111 2311 3176 parum
2380 3096 2479 3153 est
2541 3088 2723 3153 enim
2792 3088 2907 3175 jus

517 3192 732 3248 nosse,
777 3174 833 3237 si
877 3194 1215 3259 personae,
1263 3195 1539 3261 quorum
1586 3184 1901 3243 statutum
1947 3185 2047 3245 est
2090 3178 2353 3257 intuitu,
2400 3176 2821 3260 ignorentur.

1563 3370 1737 3451 Gap.
1786 3368 1873 3431 ΙΙ.

934 3501 1034 3567 De
1065 3502 1358 3589 personis
1408 3504 1479 3567 in
1525 3504 2022 3591 arqentzfodinis
2066 3508 2450 3591 opportunis.

688 3620 1001 3708 Superest
1043 3622 1254 3707 primo
1300 3622 1528 3689 videre
1560 3632 1827 3709 propter
1868 3626 2168 3692 notitiam
2206 3625 2377 3713 juris
2422 3635 2907 3695 montanorum

519 3706 600 3773 de
645 3706 922 3793 singulis
991 3710 1286 3794 personis
1329 3711 1400 3775 in
1445 3710 1881 3795 argentifodio
1929 3714 2332 3800 opportunis.

688 3799 748 3877 ξ.
800 3796 859 3858 1.
905 3794 994 3859 Et
1017 3804 1172 3861 sunt
1191 3796 1589 3883 principales
1625 3819 1945 3884 personae
1968 3800 2317 3884 urburarii,
2356 3800 2580 3885 jurati,
2618 3801 2905 3887 judices

511 3889 577 3945 et
619 3882 916 3966 magistri
958 3882 1297 3965 montium,
1343 3882 1660 3949 habentes
1704 3906 1745 3949 a
1787 3886 2029 3951 Nostra
2070 3886 2279 3973 Regia
2319 3884 2668 3972 Majestate
2778 3899 2917 3956 ote-

511 3974 744 4031 statem
768 3989 914 4033 reos
927 3967 1309 4053 judicandi3
1357 3969 1620 4059 demum
1649 3981 1801 4037 sunt
1836 3975 2187 4059 scriptores
2202 3972 2509 4039 urburae.
2552 3978 2612 4057 §.
2637 3977 2699 4041 2.
2792 3983 2917 4042 unt

510 4061 576 4117 et
619 4052 790 4119 aliae
880 4075 1154 4119 ersonae
1179 4056 1562 4139 mediocres,
1588 4067 1662 4123 ut
1686 4080 2046 4142 scansores,
2083 4080 2443 4136 mensores,
2495 4064 2921 4148 carpentarii

509 4147 575 4203 et
618 4148 802 4205 custo
851 4162 940 4223 es,
987 4143 1099 4227 qui
1145 4144 1339 4207 etiam
1385 4142 1470 4208 ab
1516 4144 1642 4209 hoc
1676 4146 1882 4230 jurati
1907 4146 2241 4231 dicuntur,
2284 4156 2358 4211 ut
2401 4145 2593 4211 utilia
2638 4147 2917 4216 faciant

508 4232 574 4289 et
616 4225 878 4291 inutilia
899 4231 1442 4312 praetermittant,
1489 4240 1554 4295 et
1598 4231 1917 4319 quidquid
1948 4232 2123 4298 infra
2175 4232 2491 4299 terminos
2528 4234 2695 4321 ipsis
2720 4259 2917 4305 oom-

508 4311 743 4377 missos
807 4312 1054 4379 sinistri
1112 4316 1403 4381 viderint
1460 4317 1568 4383 -vel
1630 4317 1979 4403 audierint,
2041 4322 2372 4407 magistris
2434 4323 2774 4389 montium
2848 4334 2917 4393 et
