3150 5017
554 315 827 365 mmm
1502 330 1591 345 -
1675 292 1808 360 424
1892 330 1979 345 -—

736 472 795 551 5.
855 468 916 533 5.
1005 467 1508 556 Interlocutoria
1568 474 1669 531 est
1746 465 1864 531 illa
1937 460 2288 545 sententia'²
2371 484 2542 549 quae
2609 462 2918 549 profertur

555 558 727 622 inter
770 556 1163 641 principium
1220 563 1287 619 et
1330 552 1527 621 finem
1553 574 1810 629 causae,
1855 574 1989 617 non
2017 568 2217 639 super
2259 553 2524 636 negotio
2569 546 2920 636 principali,

558 642 676 708 sed
718 663 917 727 super
961 640 1445 727 emergentibus
1490 648 1555 705 et
1598 638 2076 721 incidentibus3
2146 640 2316 703 sicut
2359 639 2536 704 enim
2582 638 2918 722 quaeritur,

560 750 647 793 an
690 727 858 793 tales
900 736 1104 793 testes
1152 726 1512 814 recipiendi
1556 728 1708 808 sint,
1755 748 1841 791 an
1885 746 2037 799 non,
2087 724 2191 790 vel
2235 745 2433 810 super
2471 721 2916 811 jurejurando,

554 814 662 881 vel
709 835 907 902 super
966 814 1391 880 dilationibus
1452 822 1518 880 et
1561 811 1908 893 similibus,
1956 832 2124 898 quae
2169 810 2346 876 infra
2405 811 2800 897 principium
2859 816 2919 871 et

559 901 759 967 finem
804 900 1123 967 incidunt.
2799 909 2808 917 ’

734 992 795 1070 5.
846 994 902 1051 6.
951 987 1081 1052 Sed
1131 986 1473 1051 definitiva
1533 988 1860 1051 sententia
1903 992 2002 1050 est
2046 983 2180 1061 illa,
2225 1005 2396 1071 quae
2441 979 2922 1068 condempnati-

564 1096 691 1140 one
733 1073 843 1139 vel
888 1072 1304 1139 absolutione
1349 1072 1780 1161 principalem
1827 1070 2220 1137 determinat
2265 1070 2734 1157 quaestionem.

737 1165 796 1243 5.
867 1161 925 1224 7.
1012 1160 1302 1226 Tenetur
1364 1162 1637 1245 insuper
1701 1157 1916 1244 judex
1981 1156 2341 1223 secundum
2425 1155 2926 1243 propositionem

563 1248 849 1348 partium
910 1267 1225 1333 quaerere
1281 1246 1364 1311 de
1423 1246 1769 1311 sententiis
1822 1265 1863 1308 a
1905 1244 2170 1329 juratis,
2229 1251 2294 1309 et
2351 1263 2613 1329 semper
2670 1245 2930 1327 quaerat

568 1341 741 1398 mter
786 1332 953 1397 duas
1001 1334 1382 1415 sententias,
1429 1332 1589 1420 quid
1641 1332 1813 1417 juris
1852 1332 1953 1406 sit,
1999 1332 2129 1395 nisi
2172 1340 2331 1395 tunc
2377 1350 2512 1395 una
2557 1350 2710 1415 pars
2776 1324 2928 1390 nolit

566 1428 684 1485 aut
724 1417 1019 1504 negligat
1061 1418 1310 1505 aliquid
1353 1441 1471 1505 pro
1518 1440 1590 1483 se
1634 1418 1985 1503 inquirere,
2047 1439 2133 1482 ex
2191 1425 2352 1482 tunc
2400 1414 2618 1504 judex
2681 1421 2927 1479 senten-

564 1507 723 1570 tiam
768 1507 857 1571 ad
900 1506 1390 1591 requisitionem
1436 1506 1632 1569 unius
1678 1505 1883 1590 partis
1906 1505 2214 1590 inquirat,
2291 1504 2448 1590 quia
2489 1499 2929 1585 vigilantibus,

564 1601 629 1658 et
694 1613 827 1656 non
896 1590 1371 1657 dormientibus
1430 1592 1586 1679 jura
1643 1590 2063 1670 subveniunt,
2123 1590 2321 1675 juxta
2364 1586 2568 1653 illud:
2599 1584 2922 1672 vigilavi,

568 1679 809 1744 etenim
858 1676 1301 1744 conditionem
1346 1698 1561 1744 meam
1606 1676 1864 1742 reddidi
1911 1675 2266 1741 meliorem.

741 1769 800 1847 5.
845 1766 905 1831 8.
966 1764 1054 1829 Et
1098 1766 1191 1829 sic
1225 1765 1441 1850 judex
1485 1765 1778 1850 inquirat
1821 1762 1902 1829 de
1949 1763 2314 1844 sententiis,
2382 1761 2548 1837 nihil
2615 1759 2912 1823 imminu-

566 1850 735 1917 endo
780 1852 1041 1936 penitus
1084 1844 1188 1917 vel
1233 1850 1557 1928 addendo,
1605 1867 1758 1915 nam
1796 1849 2011 1935 judex
2056 1847 2384 1915 defectum
2447 1868 2524 1911 su
2577 1846 2760 1932 plere
2805 1864 2926 1909 non

568 1937 783 2019 debet,
829 1936 946 2003 sed
1008 1938 1061 2001 si
1123 1936 1281 2024 quid
1341 1946 1559 2023 partes
1627 1936 1735 2001 vel
1797 1935 2100 2001 advocati
2167 1936 2452 2022 partium
2547 1954 2582 1998 e
2620 1931 2777 2016 jure
2827 1928 2933 2015 ob<

570 2025 887 2107 miserint,
930 2022 1095 2089 illud
1142 2023 1449 2112 supplere
1514 2031 1730 2110 potest
1792 2024 1864 2087 in
1924 2022 2026 2086 his
2087 2029 2152 2085 et
2211 2020 2514 2087 omnibus
2575 2016 2726 2084 aliis
2778 2017 2933 2104 juris

569 2111 969 2197 praeceptis,
1051 2109 1137 2175 ad
1202 2112 1525 2195 justitiam
1587 2106 2004 2194 litigantibus
2064 2106 2439 2181 faciendam
2529 2114 2783 2172 motum
2839 2103 2929 2169 sui

571 2199 774 2263 animi
819 2196 1224 2261 inclinando.
1256 2240 1277 2257 ,

744 2288 805 2366 5.
850 2284 909 2347 9.
998 2282 1041 2347 J
1044 2284 1213 2348 urati
1272 2284 1442 2347 sicut
1506 2283 1632 2346 viri
1712 2280 1902 2363 electi
1976 2280 2062 2345 ad
2129 2279 2621 2367 requisitionem
2695 2276 2933 2363 judicis

572 2372 751 2436 omni
797 2378 982 2456 parte
1044 2370 1373 2456 aequitate
1431 2367 1844 2454 litigantibus
1903 2366 2255 2433 observata
2315 2366 2672 2431 sententias
2743 2362 2933 2450 profe·

494 2522 497 2533 ,
573 2465 739 2539 rant,
788 2476 951 2542 quas
996 2455 1357 2520 secundum
1405 2454 1467 2520 le
1514 2477 1585 2520 es
1629 2463 1887 2521 nostras
1947 2462 2012 2519 et
2057 2460 2302 2518 statuta
2361 2451 2930 2517 consuetudinem-

572 2564 699 2629 que
743 2540 1192 2606 laudabilibus
1237 2543 1473 2606 rationi
1526 2563 1604 2606 us
1665 2539 2096 2627 approbatam
2158 2540 2466 2604 noverint
2523 2558 2670 2603 esse
2711 2539 2934 2622 justas.

745 2632 805 2709 5.
858 2629 953 2691 10.
1022 2626 1237 2713 Super
1287 2628 1391 2691 his
1435 2649 1612 2710 vero,
1674 2630 1744 2691 in
1805 2628 2044 2713 quibus
2112 2646 2245 2691 non
2307 2625 2639 2691 invenitur
2675 2624 2794 2708 jus
2837 2643 2934 2687 ex-

572 2735 893 2801 pressum,
940 2712 1299 2799 procedant
1344 2716 1676 2799 aequitate
1733 2722 2014 2794 servata,
2075 2734 2212 2777 sem
2265 2734 2336 2776 er
2379 2712 2448 2775 in
2493 2711 2936 2775 humaniorem

574 2802 966 2865 sententiam
1016 2800 1429 2865 declaranda
1520 2798 1589 2865 Si
1650 2821 1806 2864 vero
1867 2798 2136 2885 aliquod
2242 2797 2467 2863 ubium
2513 2798 2694 2882 ipsos
2747 2815 2936 2861 emer-

574 2889 732 2952 serit
781 2886 860 2952 de
905 2886 1166 2971 legibus
1211 2888 1452 2952 nostris
1513 2885 1621 2951 vel
1667 2888 1928 2950 statutis
1971 2906 2092 2972 per
2149 2906 2272 2950 nos
2308 2885 2448 2970 jam
2494 2882 2781 2965 traditis,
2838 2886 2939 2943 aut

574 2974 916 3038 sententiis
976 2974 1061 3037 ad
1129 2975 1417 3060 ipsorum
1489 2970 1964 3059 inaniloquium
2036 2972 2420 3057 prorogatis,
2483 2969 2591 3035 vel
2653 2967 2934 3056 quaesti-

574 3058 813 3125 onibus
860 3058 1360 3146 quibuscunque
1407 3067 1636 3143 postea
1679 3060 2070 3123 emersuris:
2117 3056 2283 3121 illud
2331 3056 2630 3122 deferant
2679 3062 2935 3119 nostrae

578 3145 1024 3220 declarationi,
1072 3147 1227 3230 quia
1287 3144 1467 3210 cordi
1534 3142 1728 3208 nobis
1797 3153 1914 3226 est,
1983 3145 2077 3208 sic
2145 3145 2366 3208 omnia
2427 3141 2630 3208 dubia
2666 3142 2842 3227 juris
2881 3144 2940 3202 et

578 3232 950 3317 aenigmata
1015 3232 1321 3313 enodare,
1368 3253 1452 3296 ne
1522 3240 1820 3317 oporteat
1862 3232 2042 3315 ipsos
2104 3228 2416 3315 deinceps
2489 3228 2713 3315 aliqua
2781 3226 2940 3312 juris

575 3320 856 3403 penuria
921 3317 1255 3399 laborare3
1325 3316 1778 3383 tantummodo
1837 3319 2106 3396 instent,
2167 3337 2400 3381 causas
2462 3324 2716 3380 maturo
2779 3309 2938 3379 cele·

574 3407 761 3491 rique
803 3412 1081 3468 tractatu
1129 3426 1207 3469 ac
1251 3405 1380 3468 fine
1427 3402 1648 3468 debito
1695 3402 2028 3490 expedire,
2075 3411 2146 3467 ut
2191 3411 2498 3483 parcatur
2542 3400 2936 3486 litigantium

575 3489 914 3556 laboribus
960 3500 1025 3555 et
1069 3492 1395 3577 expensis.

745 3581 804 3658 5.
855 3577 953 3641 12.
1044 3576 1085 3641 J
1091 3577 1268 3642 udex
1327 3584 1548 3639 autem
1593 3582 1852 3641 tenetur
1896 3576 2254 3640 sententias
2300 3594 2342 3637 a
2376 3575 2616 3659 juratis
2663 3571 2940 3659 prolatas

572 3666 809 3749 exequi
854 3673 1270 3729 reverenter:
1317 3671 1387 3726 ut
1435 3663 1487 3725 si
1534 3663 1740 3727 actori
1771 3684 1874 3727 res
1921 3660 2274 3727 immobilis
2297 3658 2498 3724 fuerit
2541 3658 2931 3745 adjudicata,

572 3754 787 3835 ipsum
837 3750 1051 3814 mittat
1096 3751 1163 3813 in
1211 3748 1696 3834 possessionem
1741 3750 1835 3812 rei
1883 3745 2199 3834 ejusdem,
2253 3746 2323 3809 i‘n
2349 3766 2429 3811 ea
2473 3746 2696 3830 ipsum
2743 3741 2936 3809 virili-

574 3845 671 3901 ter
716 3835 1224 3917 manutenendo,
1272 3836 1426 3920 quia
1471 3856 1605 3898 non
1652 3835 1913 3916 sufficit,
1961 3853 2286 3920 quemque
2353 3832 2608 3897 mittere
2669 3832 2737 3894 in
2803 3849 2936 3916 pos·

574 3924 949 3997 sessionem,
996 3922 1124 3986 nisi
1170 3923 1237 3986 in
1284 3941 1363 3985 ea
1411 3922 1646 4002 missus
1694 3922 1890 3985 etiam
1935 3928 2214 3985 tueatur.

751 4013 811 4090 5.
864 4008 961 4073 13.
1010 4008 1080 4073 Si
1126 4016 1347 4072 autem
1392 4027 1498 4071 res
1544 4009 1628 4072 sit
1675 4006 1956 4087 mobilis,
2003 4006 2215 4091 ipsam
2263 4005 2467 4069 actori
2513 4023 2664 4067 cum
2710 4001 2934 4067 effectu

576 4095 940 4179 praecipiat
984 4095 1408 4180 praesentari.

751 4185 809 4263 5.
884 4180 979 4245 14.
1034 4180 1202 4246 'Sed
1248 4182 1301 4243 si
1365 4200 1515 4244 reus
1562 4200 1602 4243 a
1648 4178 1963 4263 petitione
2009 4178 2252 4243 actoris
2295 4175 2492 4241 fuerit
2536 4197 2653 4261 per
2697 4181 2940 4238 senten·

580 4265 745 4335 tiam
796 4264 1159 4345 absolutus,
1219 4286 1305 4331 ex
1368 4273 1527 4330 tunc
1585 4265 1800 4350 ipsum
1853 4262 2068 4349 judex
2124 4264 2192 4327 in
2256 4267 2404 4341 jure
2472 4281 2589 4327 suo
2652 4257 2940 4325 similiter
