3150 5017
525 310 656 355 mn.
703 307 778 355 11.
1477 318 1566 335 --
1654 280 1786 349 320
1871 317 1953 335 -

526 461 635 528 vel
703 483 743 525 a
804 478 1213 547 quocunque,
1276 478 1470 545 quem
1530 456 1677 521 loco
1748 455 1851 520 sui
1917 474 2266 524 concessor
2330 454 2509 521 domi
2550 455 2903 544 relinquet,

525 557 814 615 meatum
861 548 1194 633 suscipiat,
1241 546 1338 611 sic
1375 546 1487 631 jus
1533 544 2025 629 suum'integre
2054 542 2520 609 confirmando.
2566 548 2625 626 ἓ.
2658 546 2719 610 6.
2766 543 2902 611 Sed

528 635 582 701 si
625 633 852 700 nullus
896 632 1219 698 dictorum
1268 639 1605 719 appareat,
1650 636 1808 694 tunc
1854 628 1937 693 de
1971 629 2122 716 jure
2154 650 2272 694 suo
2297 652 2517 697 coram
2562 630 2901 717 aliquibus

551 723 759 788 uratis
803 728 920 785 aut
963 720 1158 784 etiam
1207 719 1354 783 aliis
1397 716 1531 783 fide
1579 715 1798 801 dignis
1841 715 2107 803 publice
2152 724 2581 802 protestetur3
2639 727 2709 783 et
2752 718 2901 782 nul-

513 745 656 873 lum
716 805 1083 894 periculum
1132 804 1258 871 sibi
1316 814 1478 869 tunc
1535 801 1975 889 generabitur,
2038 824 2187 867 cum
2248 825 2382 869 non
2442 803 2529 869 sit
2571 806 2642 869 in
2689 825 2897 887 mora,

514 896 715 981 juxta
758 893 940 958 illam
987 892 1284 977 regulam
1322 893 1519 977 juris:
1584 890 1779 971 Quod
1838 911 1955 977 per
2012 910 2117 954 me
2162 911 2295 954 non
2343 898 2490 965 stat,
2551 889 2714 955 mihi
2774 892 2899 955 im-

520 981 743 1070 putari
811 998 945 1044 non
1028 977 1257 1061 debet3
1348 977 1462 1043 sed
1541 986 1762 1043 tamen
1846 983 2131 1041 meatum
2218 978 2548 1065 suspicere
2615 986 2902 1061 tenetur,

524 1066 790 1155 quando
852 1066 1044 1130 citius
1103 1064 1346 1131 habere
1415 1065 1653 1151 poterit
1710 1064 1966 1149 copiam
2028 1065 2454 1128 concessoris.
2544 1065 2598 1149 §-
2645 1064 2707 1127 7.
2757 1064 2908 1129 Sint

521 1165 742 1221 tamen
788 1153 858 1217 in
902 1151 1028 1217 hoc
1072 1153 1246 1217 cauti
1291 1150 1622 1216 urburarii
1666 1149 2195 1235 vel-quicunque
2239 1148 2385 1216 loco
2430 1152 2722 1237 ipsorum
2764 1152 2903 1217 fue-

520 1242 656 1307 rint
698 1242 768 1304 in
815 1239 940 1303 hac
984 1247 1187 1324 parte,
1233 1237 1320 1303 ad
1366 1236 1827 1302 dimittendum
1876 1258 2024 1301 cum
2070 1238 2413 1303 inventore
2434 1238 2615 1303 illius
2641 1248 2903 1303 meatus

516 1327 823 1395 nuntium
869 1334 1234 1412 expertum,
1282 1326 1392 1410 qui
1439 1323 1570 1388 fide
1617 1322 1842 1389 videat
1886 1322 2167 1405 oculata,
2212 1346 2297 1388 an
2344 1324 2627 1390 eundem
2674 1326 2747 1389 in
2784 1348 2903 1391 sua

515 1412 1002 1499 argentifodina
1046 1414 1331 1477 meatum
1380 1409 1639 1492 habeat,
1686 1430 1883 1496 quem
1930 1410 2236 1496 suscepit.
2282 1415 2342 1494 ξ.
2388 1412 2447 1477 8.
2496 1412 2630 1493 Qui
2675 1421 2901 1479 autem

517 1508 861 1587 argentum
910 1498 1120 1585 primo
1165 1496 1503 1563 redactum
1550 1518 1637 1561 ex
1680 1495 1945 1561 metallo
1993 1499 2280 1582 suscepti
2326 1507 2581 1563 meatus
2642 1499 2901 1564 obtule-

516 1589 604 1655 rit
671 1586 1085 1653 concessuri:
1158 1586 1211 1649 si
1258 1585 1510 1670 primus
1579 1584 1888 1648 inventor
1947 1583 2147 1648 fuerit
2201 1586 2271 1647 in
2334 1584 2447 1648 illo
2507 1594 2769 1674 campo,
2818 1608 2903 1651 ex

515 1684 796 1759 utraque
842 1680 1030 1759 parte
1075 1670 1606 1757 argentifodinae
1652 1691 1808 1734 suae
1853 1671 2111 1755 integer
2154 1669 2385 1736 laneus
2417 1682 2901 1757 emensuretur,

501 1754 591 1825 'ut
634 1760 798 1827 haec
841 1760 1300 1844 praerogativa
1342 1756 1508 1821 alios
1553 1758 1786 1821 incitet
1828 1755 1912 1821 ad
1959 1756 2287 1843 laborem3
2334 1766 2399 1823 et
2439 1760 2509 1824 in
2556 1758 2693 1824 illis
2742 1760 2902 1828 duo-

515 1846 642 1921 bus
687 1846 897 1911 laneis
943 1843 1166 1909 nullus
1212 1844 1381 1909 alius
1426 1844 1568 1910 sine
1614 1843 1937 1929 permissu
1982 1845 2127 1929 ejus
2156 1843 2452 1910 laborare
2496 1856 2901 1932 praesumat,

517 1934 648 1999 nisi
693 1940 853 1997 tunc
898 1953 1048 2018 spes
1095 1932 1178 1996 sit
1223 1931 1304 1996 de
1371 1927 1697 1995 meatibus
1744 1928 1998 2012 alienis,
2059 1938 2125 1995 et
2184 1930 2343 1996 velit
2387 1937 2533 2017 quis
2578 1936 2901 2018 praestito

513 2021 892 2107 juramento
939 2020 1081 2084 sine
1127 2019 1303 2082 omni
1352 2015 1502 2081 dolo
1550 2037 1629 2081 ac
1674 2015 1925 2097 fraude,
1972 2024 2039 2081 et
2083 2018 2435 2104 praecipue
2494 2020 2640 2086 sine
2701 2022 2901 2106 primi

513 2107 883 2174 inventoris
931 2103 1340 2193 praejudicio
1385 2125 1502 2190 pro
1547 2102 1783 2167 alienis
1830 2102 2155 2168 meatibus
2201 2103 2539 2187 laborare}
2586 2114 2655 2171 et
2697 2110 2760 2171 si
2807 2110 2901 2173 in·

497 2192 776 2260 'venerit
843 2190 1124 2257 eundem
1187 2198 1471 2256 meatum
1531 2190 1671 2274 jam
1733 2198 2129 2276 susceptum,
2189 2190 2367 2278 quod
2410 2189 2658 2258 ibidem
2705 2194 2897 2259 labo-

513 2302 660 2346 rare
705 2278 848 2346 sine
894 2279 1074 2344 omni
1121 2275 1636 2343 contradictione
1661 2285 1890 2358 cesset,
1924 2277 2229 2341 ammodo
2276 2284 2342 2343 et
2384 2278 2673 2345 recedat.
2720 2284 2786 2363 ξ.
2834 2282 2893 2345 9.

514 2365 647 2433 Sed
692 2364 1001 2447 secundo,
1046 2366 1240 2429 tertio
1287 2372 1350 2429 et
1395 2370 1650 2450 quarto,
1696 2361 1803 2427 vel
1850 2364 2161 2451 deinceps
2207 2374 2493 2431 meatum
2556 2376 2897 2453 suscepto-

512 2451 698 2519 ribus
752 2452 820 2515 in
881 2450 1175 2540 qualibet
1237 2458 1421 2537 parte
1481 2448 2011 2535 argentifodinae
2056 2450 2313 2516 medius
2357 2459 2615 2517 tantum
2661 2451 2901 2520 laneus

501 2547 944 2631 mensuretur,
990 2559 1138 2603 cum
1185 2535 1677 2602 conditionibus
1719 2538 1855 2623 jam
1904 2538 2301 2623 praemissis.
2346 2542 2409 2621 ἓ.
2458 2540 2559 2603 10.
2608 2539 2904 2607 Consue-

511 2634 650 2691 tum
699 2632 798 2689 est
842 2626 1038 2689 etiam
1084 2626 1258 2689 inter
1316 2624 1478 2688 istos
1539 2632 1875 2689 meatuum
1919 2626 2301 2689 inventores
2348 2628 2901 2693 conterminarios

509 2712 712 2776 inseri
757 2710 888 2775 tale
933 2717 1235 2797 pactumt
1284 2719 1368 2774 ut
1429 2710 1484 2773 si
1551 2712 1655 2774 cui
1706 2710 1913 2796 primo
1960 2732 2146 2776 mons
2214 2710 2411 2776 fuerit
2451 2724 2903 2795 mensuratus,

512 2796 688 2886 quod
734 2796 848 2869 alii
895 2797 1071 2883 apud
1120 2816 1272 2862 suos
1317 2796 1546 2861 laneos
1592 2818 1710 2882 pro
1757 2804 1953 2878 certa,
1999 2799 2171 2862 sicut
2214 2799 2389 2861 inter
2430 2800 2611 2881 ipsos
2654 2822 2903 2866 conve-

510 2886 628 2968 nit,
675 2892 1062 2950 remaneant
1105 2884 1525 2974 proprietate,
1589 2884 1745 2969 quia
1811 2888 2007 2967 pacta
2052 2904 2138 2948 ex
2182 2886 2622 2951 conventione
2682 2885 2909 2973 legem

508 2972 862 3058 accipiunt.
907 2970 1033 3035 Vel
1081 2972 1175 3034 sic
1220 2967 1617 3056 quandoque
1653 2971 2090 3035 conveniunt:
2139 2970 2315 3057 quod
2361 2970 2584 3057 plures
2630 2974 2907 3040 vicinae

511 3056 1034 3143 argentifodinae
1081 3058 1197 3121 uni
1241 3059 1415 3120 inter
1459 3077 1590 3131 eas,
1638 3055 1719 3120 de
1765 3076 1895 3141 qua
1942 3058 2155 3144 major
2199 3078 2350 3145 spes
2396 3066 2689 3125 montem
2710 3082 2905 3127 men-

509 3144 784 3209 surandi
826 3141 1168 3225 habeatur,
1213 3141 1650 3227 subjiciantur
1693 3140 1818 3207 hoc
1862 3142 2076 3225 modo,
2137 3151 2211 3207 ut
2266 3155 2657 3211 remaneant
2714 3146 2911 3233 apud

511 3251 666 3295 suos
725 3228 956 3295 laneos
1018 3251 1137 3314 pro
1199 3239 1378 3295 certa
1438 3230 1861 3316 proprietate,
1907 3238 1979 3294 ut
2026 3230 2272 3295 dictum
2322 3240 2440 3307 est,
2487 3231 2907 3321 ubicunque,

511 3318 653 3382 sive
689 3320 786 3391 ,in
850 3314 1201 3403 principali
1266 3316 1407 3380 sive
1467 3316 1538 3378 in
1600 3314 1919 3400 subjectis
1981 3317 2040 3381 ei
2100 3318 2625 3402 argentifodinis,
2674 3322 2903 3406 primo

509 3424 700 3467 mons
745 3401 943 3467 fuerit
987 3409 1438 3486 mensuratus;
1497 3423 1652 3465 nam
1715 3401 1983 3466 difficile
2046 3412 2161 3485 est,
2207 3403 2523 3488 gravibus
2567 3407 2911 3493 acquisita

431 3537 436 3540 -
502 3485 852 3555 laboribus
896 3494 1038 3553 sine
1084 3510 1200 3576 spe
1247 3487 1471 3573 aliqua
1513 3487 1985 3553 meliorationis
2029 3488 2420 3576 relinquere.
2480 3491 2625 3557 Has
2670 3502 2911 3560 autem

512 3572 983 3650 conventiones
1043 3577 1139 3640 sic
1173 3583 1284 3662 'ap
1334 3574 1666 3650 robamus,
1725 3596 1809 3641 ne
1868 3596 1989 3661 per
2052 3578 2074 3640 i
2126 3598 2233 3641 sas
2292 3576 2579 3644 urburae
2624 3589 2913 3647 nostrae

508 3661 989 3749 praejudicium
1035 3662 1258 3749 aliquo
1348 3669 1722 3748 generetur,
1766 3683 1980 3748 neque
2026 3662 2205 3727 ulus
2251 3663 2539 3750 aliquam
2600 3669 2911 3753 proprie·

510 3756 712 3813 tatem
758 3748 1011 3814 ratione
1055 3748 1376 3813 dictarum
1425 3750 1960 3826 conventionum,
2006 3758 2360 3837 antequam
2406 3748 2657 3816 ibidem
2704 3776 2917 3820 mons

508 3842 946 3919 mensuretur,
1008 3836 1252 3900 audeat
1317 3842 1727 3921 extorquere.
1817 3840 1879 3918 ἕ.
1941 3837 2043 3901 11.
2104 3835 2196 3900 Et
2254 3846 2536 3903 caveant
2594 3840 2917 3906 universi

509 3920 634 3987 sub
682 3923 1035 3987 amissione
1083 3923 1374 3987 omnium
1423 3943 1689 3987 suarum
1737 3923 2022 4009 partium
2070 3920 2439 4009 diligenter,
2486 3945 2571 3990 ne
2617 3926 2917 4012 aliquod

508 4007 851 4075 metallum
917 4007 1264 4079 sublevent
1330 4007 1436 4074 vel
1499 4008 1804 4091 educant,
1852 4016 2204 4096 antequam
2250 4030 2440 4075 mons
2486 4012 2581 4075 eis
2626 4033 2915 4080 mensu-

506 4103 706 4171 retur,
771 4096 913 4160 sine
973 4095 1464 4161 urburariorum
1514 4095 1781 4161 licentia
1826 4096 2123 4183 speciali.
2214 4100 2272 4179 ξ.
2328 4098 2425 4163 12.
2472 4096 2610 4163 Sed
2656 4107 2723 4165 et
2766 4100 2919 4168 hoc

465 4181 850 4248 ·sciendum
913 4190 1029 4265 est,
1092 4181 1269 4268 quod
1329 4204 1446 4269 per
1505 4182 1715 4263 illum,
1776 4185 1886 4271 qui
1949 4192 2235 4250 meatum
2300 4184 2512 4269 primo
2574 4191 2919 4274 suscepit,

407 4296 414 4303 ·
511 4267 656 4335 aliis
717 4269 855 4333 suis
917 4268 1294 4336 concolonis
1355 4272 1606 4357 acquiri
1658 4272 1774 4357 jus
1836 4270 2000 4337 adeo
2045 4270 2325 4349 firmum,
2372 4292 2451 4335 ac
2495 4272 2551 4336 si
2596 4283 2915 4341 meatum
