3150 5017
1470 292 1952 357 —112—

1766 468 1964 547 xerit,
2027 465 2110 531 de
2170 465 2532 533 hereditate
2599 488 2720 533 sua
2797 463 2913 531 do-

1767 555 1984 619 minus
2022 574 2092 618 se
2137 552 2342 619 libere
2387 554 2798 619 intromittat.
2849 556 2910 635 ξ.

1766 647 1826 713 4.
1871 639 1942 705 Si
1987 661 2142 705 vero
2186 639 2479 725 legitima
2522 650 2738 706 terrae
2801 660 2916 703 ne·

1767 728 2037 793 cessitas
2079 727 2496 792 tributarium
2554 727 2914 815 fugaverit,

1765 811 2069 878 dominus
2107 812 2469 879 secundum
2507 816 2796 899 gratiam
2844 820 2913 877 et

1766 902 2025 965 animae
2105 900 2562 966 necessitatem
2628 909 2695 965 et
2758 920 2911 986 pro-

1765 988 1996 1051 borum
2043 987 2332 1052 virorum
2363 985 2713 1052 consilium
2747 1007 2910 1050 cum

1765 1074 2108 1139 tributario
2153 1095 2298 1138 com
2347 1073 2615 1139 lanabit.

1825 1160 2185 1225 LV111.D0
2201 1160 2290 1226 Ju
2337 1162 2487 1227 aeis.
2507 1164 2562 1243 ἓ.
2588 1166 2645 1226 1.
2665 1158 2914 1225 Nullus

1765 1246 1806 1311 J
1809 1246 2170 1311 udaeorum
2193 1248 2261 1312 in
2281 1248 2682 1335 parascheve
2716 1246 2908 1333 quic-

1767 1354 1960 1420 quam
2007 1335 2486 1400 communionis
2532 1354 2682 1397 eum
2729 1332 2906 1397 chri-

1767 1422 1998 1485 stianis
2041 1419 2285 1486 habere
2307 1430 2569 1491 tenetur
2597 1428 2735 1485 toto
2779 1419 2909 1484 die.

1768 1511 1826 1589 ἓ.
1841 1512 1898 1573 2.
1911 1506 2000 1572 Et
2014 1508 2069 1572 si
2088 1507 2324 1595 aliquis
2334 1508 2378 1573 J
2379 1508 2741 1574 udaeorum
2751 1503 2911 1571 cum

1765 1595 2122 1659 christiana
2165 1594 2436 1660 muliere
2484 1593 2906 1659 adulteratus

1766 1680 1980 1762 fuerit,
2026 1690 2255 1768 raptus
2300 1690 2371 1746 et
2414 1680 2674 1747 duobus
2737 1682 2908 1746 viris

1766 1770 2108 1834 convictus
2120 1767 2312 1833 ambo
2327 1768 2462 1833 vivi
2475 1766 2906 1855 sepeliantur.

1766 1860 1827 1939 ξ.
1853 1857 1911 1921 3.
1960 1853 2274 1920 Similiter
2317 1856 2447 1931 fiat,
2496 1856 2550 1920 si
2598 1854 2899 1920 christia·

1766 1964 1891 2007 nus
1915 1964 2062 2006 cum
2088 1941 2132 2006 J
2133 1941 2344 2007 udaea
2375 1943 2903 2023 commisceatur,

1767 2038 1834 2095 et
1927 2038 2152 2115 raptus
2243 2020 2673 2095 convincatur
2763 2050 2903 2093 uno

1769 2115 2123 2182 christiano
2186 2126 2253 2181 et
2297 2116 2554 2182 duobus
2597 2114 2902 2181 Judaeis.

1935 2202 2113 2267 LIX.
2159 2203 2312 2268 Item
2355 2204 2435 2268 de
2461 2203 2667 2288 falsis
2697 2203 2902 2267 dena·

1760 2291 1880 2355 riis
1921 2291 2340 2377 deprehensis.
2403 2290 2474 2357 Si
2518 2289 2758 2377 aliquis
2805 2290 2900 2354 vi-

1763 2399 1985 2442 rorum
2031 2375 2138 2443 vel
2185 2377 2529 2443 mulierum
2575 2398 2726 2441 cum
2777 2375 2895 2440 fal-

1762 2466 1853 2529 sis
1899 2464 2190 2530 denariis
2236 2462 2785 2550 deprehendatur,
2833 2470 2896 2527 et

1764 2572 1983 2615 coram
2035 2549 2265 2638 judice
2312 2560 2376 2615 et
2409 2552 2652 2636 juratis
2698 2550 2894 2637 profi-

1763 2647 1993 2717 teatur,
2040 2637 2241 2702 alium
2267 2636 2395 2702 sibi
2439 2635 2700 2702 dedisse
2731 2636 2899 2701 tales

1764 2723 2088 2806 denarios,
2135 2734 2201 2789 et
2243 2725 2297 2788 si
2341 2723 2452 2789 ille
2476 2746 2674 2810 super
2704 2745 2899 2811 quem

1762 2810 2019 2892 fatetur,
2066 2810 2378 2897 profugus
2411 2810 2624 2876 faetus
2667 2811 2899 2875 fuerit:

1765 2896 2159 2983 culpabilem
2220 2920 2292 2962 se
2357 2896 2608 2979 reddit,
2675 2908 2742 2963 et
2787 2896 2893 2961 hic

1763 2982 1870 3049 vel
1914 2983 2076 3049 haec
2121 2983 2484 3050 absolvitur
2517 2986 2672 3072 jure
2731 2984 2886 3049 civi-

1761 3072 1934 3135 tatis.

1655 3236 1664 3245 .
1936 3158 2075 3223 LX.
2135 3157 2387 3223 Statum
2452 3167 2509 3221 et
2558 3158 2896 3221 ‚sententiae

1763 3267 2128 3310 communes·
2219 3249 2279 3327 ξ.
2331 3245 2386 3311 1.
2475 3243 2640 3309 Item
2711 3242 2890 3309 volu·

1763 3353 1932 3413 mus,
1975 3340 2050 3397 ut
2093 3332 2486 3419 quicumque
2553 3330 2896 3415 iudiciaria

1763 3418 1890 3484 frui
1940 3417 2270 3485 desiderat
2315 3418 2634 3503 dignitate
2677 3419 2746 3481 in
2805 3417 2894 3479 ci-

1762 3508 1968 3572 vitate
2055 3505 2409 3589 Iglaviensi
2428 3554 2444 3584 ‚
2552 3502 2727 3591 quod
2812 3502 2892 3567 sit

1765 3594 1931 3657 civis
2017 3592 2300 3656 civitatis
2373 3589 2630 3656 habens
2715 3589 2892 3654 here-

1764 3678 2054 3760 ditatem,
2092 3685 2158 3742 et
2205 3676 2332 3742 hoc
2388 3678 2569 3759 ideo,
2637 3683 2711 3740 ut
2753 3695 2892 3762 pro-

1764 3764 2008 3831 fectum
2108 3763 2393 3828 civitatis
2495 3784 2573 3827 eo
2661 3762 2889 3830 melius

1764 3860 2213 3938 prosequatur,
2281 3859 2346 3915 et
2389 3857 2654 3935 propter
2695 3868 2892 3912 unum

1765 3960 2013 4003 annum
2100 3935 2208 4002 vel
2289 3935 2453 4001 duos
2521 3956 2656 4000 non
2745 3954 2888 3999 con-

1763 4024 1955 4089 rodat
2033 4025 2211 4089 cives
2285 4030 2350 4088 et
2425 4042 2747 4109 pauperes
2809 4018 2889 4083 ci·
2953 4104 2960 4111 .

1762 4111 2007 4178 vitatis.

1940 4201 1999 4279 ξ.
2055 4197 2112 4261 2.
2179 4195 2344 4260 Item
2413 4193 2635 4260 nullus
2701 4194 2886 4259 homo

1765 4286 2126 4350 eommunis
2215 4282 2502 4370 aliquem
2591 4299 2886 4348 accusare
