<?xml version="1.0" encoding="UTF-8"?>
<!DOCTYPE html PUBLIC "-//W3C//DTD XHTML 1.0 Transitional//EN"
    "http://www.w3.org/TR/xhtml1/DTD/xhtml1-transitional.dtd">
<html xmlns="http://www.w3.org/1999/xhtml" xml:lang="en" lang="en">
 <head>
  <title>
</title>
<meta http-equiv="Content-Type" content="text/html;charset=utf-8" />
  <meta name='ocr-system' content='tesseract 3.04.00' />
  <meta name='ocr-capabilities' content='ocr_page ocr_carea ocr_par ocr_line ocrx_word'/>
</head>
<body>
  <div class='ocr_page' id='page_1' title='image "./codexjurisbohem01unkngoog_0245.png"; bbox 0 0 3150 5017; ppageno 0'>
   <div class='ocr_carea' id='block_1_1' title="bbox 1283 334 1757 404">
    <p class='ocr_par' dir='ltr' id='par_1_1' title="bbox 1283 334 1757 404">
     <span class='ocr_line' id='line_1_1' title="bbox 1283 334 1757 404; baseline 0.004 -18"><span class='ocrx_word' id='word_1_1' title='bbox 1283 334 1757 404; x_wconf 61' lang='lat'>„235-</span> 
     </span>
    </p>
   </div>
   <div class='ocr_carea' id='block_1_2' title="bbox 314 505 2755 4429">
    <p class='ocr_par' dir='ltr' id='par_1_2' title="bbox 314 505 2742 3643">
     <span class='ocr_line' id='line_1_2' title="bbox 388 505 2716 588; baseline -0.003 -12"><span class='ocrx_word' id='word_1_2' title='bbox 388 529 575 583; x_wconf 80' lang='lat' dir='ltr'><strong>ressa</strong></span> <span class='ocrx_word' id='word_1_3' title='bbox 622 507 969 578; x_wconf 79' lang='lat' dir='ltr'><strong>voluntate</strong></span> <span class='ocrx_word' id='word_1_4' title='bbox 1014 517 1081 576; x_wconf 86' lang='lat' dir='ltr'><strong>et</strong></span> <span class='ocrx_word' id='word_1_5' title='bbox 1124 511 1453 580; x_wconf 79' lang='lat' dir='ltr'><strong>consensu</strong></span> <span class='ocrx_word' id='word_1_6' title='bbox 1497 509 2116 582; x_wconf 85' lang='lat' dir='ltr'><strong>fratrum-meorum,</strong></span> <span class='ocrx_word' id='word_1_7' title='bbox 2163 509 2410 576; x_wconf 87' lang='lat' dir='ltr'><strong>domini</strong></span> <span class='ocrx_word' id='word_1_8' title='bbox 2441 505 2716 588; x_wconf 87' lang='lat' dir='ltr'><strong>Alberti,</strong></span> 
     </span>
     <span class='ocr_line' id='line_1_3' title="bbox 342 531 2717 682; baseline -0.002 -20"><span class='ocrx_word' id='word_1_9' title='bbox 342 531 707 681; x_wconf 56' lang='lat' dir='ltr'><strong>i&#39;antgravii</strong></span> <span class='ocrx_word' id='word_1_10' title='bbox 774 595 1021 666; x_wconf 82' lang='lat' dir='ltr'><strong>Thurin</strong></span> <span class='ocrx_word' id='word_1_11' title='bbox 1032 597 1197 682; x_wconf 74' lang='lat' dir='ltr'><strong>giac,</strong></span> <span class='ocrx_word' id='word_1_12' title='bbox 1266 605 1359 664; x_wconf 77' lang='lat' dir='ltr'><strong>et·</strong></span> <span class='ocrx_word' id='word_1_13' title='bbox 1398 595 1648 662; x_wconf 88' lang='lat' dir='ltr'><strong>domini</strong></span> <span class='ocrx_word' id='word_1_14' title='bbox 1755 595 2044 666; x_wconf 80' lang='lat' dir='ltr'><strong>uondam</strong></span> <span class='ocrx_word' id='word_1_15' title='bbox 2108 595 2516 678; x_wconf 76' lang='lat' dir='ltr'><strong>Theoderici,</strong></span> <span class='ocrx_word' id='word_1_16' title='bbox 2573 591 2717 658; x_wconf 81' lang='lat' dir='ltr'><strong>feli-</strong></span> 
     </span>
     <span class='ocr_line' id='line_1_4' title="bbox 348 682 2717 770; baseline -0.001 -22"><span class='ocrx_word' id='word_1_17' title='bbox 348 683 447 750; x_wconf 82' lang='lat' dir='ltr'><strong>cis</strong></span> <span class='ocrx_word' id='word_1_18' title='bbox 492 684 849 752; x_wconf 77' lang='lat' dir='ltr'><strong>memoriae</strong></span> <span class='ocrx_word' id='word_1_19' title='bbox 894 683 1289 753; x_wconf 84' lang='lat' dir='ltr'><strong>marchionis</strong></span> <span class='ocrx_word' id='word_1_20' title='bbox 1334 682 1421 752; x_wconf 89' lang='lat' dir='ltr'><strong>de</strong></span> <span class='ocrx_word' id='word_1_21' title='bbox 1460 682 1724 752; x_wconf 78' lang='lat' dir='ltr'><strong>Laudes</strong></span> <span class='ocrx_word' id='word_1_22' title='bbox 1773 705 1906 762; x_wconf 88' lang='lat' dir='ltr'><strong>erc,</strong></span> <span class='ocrx_word' id='word_1_23' title='bbox 1967 682 2344 770; x_wconf 73' lang='lat' dir='ltr'><strong>specialiter</strong></span> <span class='ocrx_word' id='word_1_24' title='bbox 2379 682 2538 750; x_wconf 88' lang='lat' dir='ltr'><strong>mihi</strong></span> <span class='ocrx_word' id='word_1_25' title='bbox 2583 689 2717 746; x_wconf 78' lang='lat' dir='ltr'><strong>tra·-</strong></span> 
     </span>
     <span class='ocr_line' id='line_1_5' title="bbox 350 769 2718 854; baseline -0.002 -18"><span class='ocrx_word' id='word_1_26' title='bbox 350 771 555 836; x_wconf 88' lang='lat' dir='ltr'><strong>ditam</strong></span> <span class='ocrx_word' id='word_1_27' title='bbox 590 778 669 838; x_wconf 87' lang='lat' dir='ltr'><strong>-et</strong></span> <span class='ocrx_word' id='word_1_28' title='bbox 716 769 1057 854; x_wconf 77' lang='lat' dir='ltr'><strong>donatam,</strong></span> <span class='ocrx_word' id='word_1_29' title='bbox 1100 793 1224 842; x_wconf 81' lang='lat' dir='ltr'><strong>nec</strong></span> <span class='ocrx_word' id='word_1_30' title='bbox 1268 793 1402 838; x_wconf 90' lang='lat' dir='ltr'><strong>non</strong></span> <span class='ocrx_word' id='word_1_31' title='bbox 1448 769 1709 836; x_wconf 73' lang='lat' dir='ltr'><strong>titulum</strong></span> <span class='ocrx_word' id='word_1_32' title='bbox 1757 779 1822 838; x_wconf 92' lang='lat' dir='ltr'><strong>et</strong></span> <span class='ocrx_word' id='word_1_33' title='bbox 1867 769 1929 836; x_wconf 93' lang='lat' dir='ltr'><strong>di</strong></span> <span class='ocrx_word' id='word_1_34' title='bbox 1979 772 2252 840; x_wconf 85' lang='lat' dir='ltr'><strong>nitatem</strong></span> <span class='ocrx_word' id='word_1_35' title='bbox 2298 779 2366 836; x_wconf 76' lang='lat' dir='ltr'><strong>et</strong></span> <span class='ocrx_word' id='word_1_36' title='bbox 2403 769 2718 836; x_wconf 78' lang='lat' dir='ltr'><strong>honorem</strong></span> 
     </span>
     <span class='ocr_line' id='line_1_6' title="bbox 354 855 2716 938; baseline -0.001 -16"><span class='ocrx_word' id='word_1_37' title='bbox 354 859 378 922; x_wconf 91' lang='lat' dir='ltr'><strong>i</strong></span> <span class='ocrx_word' id='word_1_38' title='bbox 502 878 647 924; x_wconf 84' lang='lat' dir='ltr'><strong>rum</strong></span> <span class='ocrx_word' id='word_1_39' title='bbox 696 857 1259 931; x_wconf 68' lang='lat' dir='ltr'><strong>marchionatuum</strong></span> <span class='ocrx_word' id='word_1_40' title='bbox 1306 870 1373 923; x_wconf 85' lang='lat' dir='ltr'><strong>et</strong></span> <span class='ocrx_word' id='word_1_41' title='bbox 1414 865 1756 938; x_wconf 83' lang='lat' dir='ltr'><strong>terrarum,</strong></span> <span class='ocrx_word' id='word_1_42' title='bbox 1815 861 1883 923; x_wconf 86' lang='lat' dir='ltr'><strong>et</strong></span> <span class='ocrx_word' id='word_1_43' title='bbox 1974 879 2011 922; x_wconf 91' lang='lat' dir='ltr'><strong>e</strong></span> <span class='ocrx_word' id='word_1_44' title='bbox 2055 857 2351 923; x_wconf 67' lang='lat' dir='ltr'><strong>nominet</strong></span> <span class='ocrx_word' id='word_1_45' title='bbox 2413 855 2716 922; x_wconf 77' lang='lat' dir='ltr'><strong>Castrum</strong></span> 
     </span>
     <span class='ocr_line' id='line_1_7' title="bbox 352 879 2715 1028; baseline -0.001 -18"><span class='ocrx_word' id='word_1_46' title='bbox 352 879 853 1028; x_wconf 49' lang='lat' dir='ltr'><strong>ffirfenberc,</strong></span> <span class='ocrx_word' id='word_1_47' title='bbox 899 945 1229 1012; x_wconf 86' lang='lat' dir='ltr'><strong>civitatem</strong></span> <span class='ocrx_word' id='word_1_48' title='bbox 1278 954 1345 1014; x_wconf 87' lang='lat' dir='ltr'><strong>et</strong></span> <span class='ocrx_word' id='word_1_49' title='bbox 1392 953 1681 1012; x_wconf 81' lang='lat' dir='ltr'><strong>castrum</strong></span> <span class='ocrx_word' id='word_1_50' title='bbox 1725 942 2056 1020; x_wconf 88' lang='lat' dir='ltr'><strong>Dresden,</strong></span> <span class='ocrx_word' id='word_1_51' title='bbox 2097 953 2384 1012; x_wconf 81' lang='lat' dir='ltr'><strong>castrum</strong></span> <span class='ocrx_word' id='word_1_52' title='bbox 2431 952 2498 1010; x_wconf 84' lang='lat' dir='ltr'><strong>et</strong></span> <span class='ocrx_word' id='word_1_53' title='bbox 2553 941 2715 1008; x_wconf 49' lang='grc' dir='ltr'><strong>εἰν-ἰή</strong></span> 
     </span>
     <span class='ocr_line' id='line_1_8' title="bbox 342 1028 2720 1114; baseline -0.002 -16"><span class='ocrx_word' id='word_1_54' title='bbox 342 1039 547 1098; x_wconf 79' lang='lat' dir='ltr'><strong>tatem</strong></span> <span class='ocrx_word' id='word_1_55' title='bbox 596 1031 829 1114; x_wconf 71' lang='lat' dir='ltr'><strong>Perna,</strong></span> <span class='ocrx_word' id='word_1_56' title='bbox 879 1041 1167 1100; x_wconf 77' lang='lat' dir='ltr'><strong>castrum</strong></span> <span class='ocrx_word' id='word_1_57' title='bbox 1211 1031 1433 1100; x_wconf 87' lang='lat' dir='ltr'><strong>Donin</strong></span> <span class='ocrx_word' id='word_1_58' title='bbox 1480 1030 1889 1098; x_wconf 80' lang='lat' dir='ltr'><strong>infeudatum</strong></span> <span class='ocrx_word' id='word_1_59' title='bbox 1937 1053 2083 1100; x_wconf 90' lang='lat' dir='ltr'><strong>cum</strong></span> <span class='ocrx_word' id='word_1_60' title='bbox 2145 1033 2284 1098; x_wconf 85' lang='lat' dir='ltr'><strong>suis</strong></span> <span class='ocrx_word' id='word_1_61' title='bbox 2321 1028 2720 1102; x_wconf 67' lang='lat' dir='ltr'><strong>attinentiis,</strong></span> 
     </span>
     <span class='ocr_line' id='line_1_9' title="bbox 344 1115 2718 1204; baseline -0.001 -21"><span class='ocrx_word' id='word_1_62' title='bbox 344 1128 634 1183; x_wconf 79' lang='lat' dir='ltr'><strong>castrum</strong></span> <span class='ocrx_word' id='word_1_63' title='bbox 683 1118 981 1185; x_wconf 86' lang='lat' dir='ltr'><strong>Tharant</strong></span> <span class='ocrx_word' id='word_1_64' title='bbox 1003 1140 1149 1185; x_wconf 87' lang='lat' dir='ltr'><strong>cum</strong></span> <span class='ocrx_word' id='word_1_65' title='bbox 1177 1120 1421 1185; x_wconf 87' lang='lat' dir='ltr'><strong>foresta</strong></span> <span class='ocrx_word' id='word_1_66' title='bbox 1465 1128 1530 1184; x_wconf 87' lang='lat' dir='ltr'><strong>et</strong></span> <span class='ocrx_word' id='word_1_67' title='bbox 1573 1119 1712 1184; x_wconf 89' lang='lat' dir='ltr'><strong>suis</strong></span> <span class='ocrx_word' id='word_1_68' title='bbox 1753 1119 2182 1204; x_wconf 86' lang='lat' dir='ltr'><strong>pertinentiis,</strong></span> <span class='ocrx_word' id='word_1_69' title='bbox 2229 1129 2513 1184; x_wconf 82' lang='lat' dir='ltr'><strong>castrum</strong></span> <span class='ocrx_word' id='word_1_70' title='bbox 2558 1115 2718 1181; x_wconf 70' lang='lat' dir='ltr'><strong>Bor-</strong></span> 
     </span>
     <span class='ocr_line' id='line_1_10' title="bbox 342 1202 2718 1294; baseline -0.002 -22"><span class='ocrx_word' id='word_1_71' title='bbox 342 1206 663 1287; x_wconf 86' lang='lat' dir='ltr'><strong>senstein,</strong></span> <span class='ocrx_word' id='word_1_72' title='bbox 710 1203 1029 1292; x_wconf 85' lang='lat' dir='ltr'><strong>oppidum</strong></span> <span class='ocrx_word' id='word_1_73' title='bbox 1072 1204 1653 1294; x_wconf 82' lang='lat' dir='ltr'><strong>Dypoldeswalde,</strong></span> <span class='ocrx_word' id='word_1_74' title='bbox 1697 1212 1984 1272; x_wconf 77' lang='lat' dir='ltr'><strong>castrum</strong></span> <span class='ocrx_word' id='word_1_75' title='bbox 2028 1206 2482 1272; x_wconf 82' lang='lat' dir='ltr'><strong>Vrowenstein</strong></span> <span class='ocrx_word' id='word_1_76' title='bbox 2505 1202 2718 1270; x_wconf 85' lang='lat' dir='ltr'><strong>infeu-</strong></span> 
     </span>
     <span class='ocr_line' id='line_1_11' title="bbox 344 1289 2722 1378; baseline -0.003 -17"><span class='ocrx_word' id='word_1_77' title='bbox 344 1293 592 1370; x_wconf 61' lang='lat' dir='ltr'><strong>datiam,</strong></span> <span class='ocrx_word' id='word_1_78' title='bbox 656 1300 941 1374; x_wconf 77' lang='lat' dir='ltr'><strong>castrum</strong></span> <span class='ocrx_word' id='word_1_79' title='bbox 1004 1292 1416 1362; x_wconf 81' lang='lat' dir='ltr'><strong>Lewenstein</strong></span> <span class='ocrx_word' id='word_1_80' title='bbox 1436 1341 1453 1370; x_wconf 91' lang='lat'><strong>,</strong></span> <span class='ocrx_word' id='word_1_81' title='bbox 1514 1301 1801 1361; x_wconf 75' lang='lat' dir='ltr'><strong>castrum</strong></span> <span class='ocrx_word' id='word_1_82' title='bbox 1863 1301 1927 1360; x_wconf 91' lang='lat' dir='ltr'><strong>et</strong></span> <span class='ocrx_word' id='word_1_83' title='bbox 1986 1294 2316 1359; x_wconf 86' lang='lat' dir='ltr'><strong>civitatem</strong></span> <span class='ocrx_word' id='word_1_84' title='bbox 2379 1289 2722 1378; x_wconf 75' lang='lat' dir='ltr'><strong>Saydowe‚</strong></span> 
     </span>
     <span class='ocr_line' id='line_1_12' title="bbox 330 1376 2722 1467; baseline -0.002 -21"><span class='ocrx_word' id='word_1_85' title='bbox 330 1380 681 1452; x_wconf 81' lang='lat' dir='ltr'><strong>,civitatem</strong></span> <span class='ocrx_word' id='word_1_86' title='bbox 728 1376 913 1451; x_wconf 75' lang='lat' dir='ltr'><strong>Hain</strong></span> <span class='ocrx_word' id='word_1_87' title='bbox 954 1389 1020 1446; x_wconf 87' lang='lat' dir='ltr'><strong>et</strong></span> <span class='ocrx_word' id='word_1_88' title='bbox 1066 1381 1288 1446; x_wconf 85' lang='lat' dir='ltr'><strong>omnia</strong></span> <span class='ocrx_word' id='word_1_89' title='bbox 1331 1379 1509 1448; x_wconf 84' lang='lat' dir='ltr'><strong>bona</strong></span> <span class='ocrx_word' id='word_1_90' title='bbox 1547 1388 1622 1446; x_wconf 84' lang='lat' dir='ltr'><strong>et</strong></span> <span class='ocrx_word' id='word_1_91' title='bbox 1661 1381 2120 1467; x_wconf 81' lang='lat' dir='ltr'><strong>possessiones</strong></span> <span class='ocrx_word' id='word_1_92' title='bbox 2162 1381 2231 1444; x_wconf 89' lang='lat' dir='ltr'><strong>in</strong></span> <span class='ocrx_word' id='word_1_93' title='bbox 2277 1379 2581 1448; x_wconf 82' lang='lat' dir='ltr'><strong>districtu</strong></span> <span class='ocrx_word' id='word_1_94' title='bbox 2605 1394 2722 1443; x_wconf 84' lang='lat' dir='ltr'><strong>seu</strong></span> 
     </span>
     <span class='ocr_line' id='line_1_13' title="bbox 333 1465 2722 1554; baseline -0.001 -23"><span class='ocrx_word' id='word_1_95' title='bbox 333 1465 594 1554; x_wconf 86' lang='lat' dir='ltr'><strong>judicio</strong></span> <span class='ocrx_word' id='word_1_96' title='bbox 627 1467 923 1554; x_wconf 85' lang='lat' dir='ltr'><strong>ejusdem</strong></span> <span class='ocrx_word' id='word_1_97' title='bbox 948 1467 1239 1534; x_wconf 82' lang='lat' dir='ltr'><strong>civitatis</strong></span> <span class='ocrx_word' id='word_1_98' title='bbox 1270 1467 1447 1534; x_wconf 88' lang='lat' dir='ltr'><strong>Hain</strong></span> <span class='ocrx_word' id='word_1_99' title='bbox 1483 1469 1628 1544; x_wconf 85' lang='lat' dir='ltr'><strong>sita,</strong></span> <span class='ocrx_word' id='word_1_100' title='bbox 1673 1467 2016 1536; x_wconf 74' lang='lat' dir='ltr'><strong>infeudata</strong></span> <span class='ocrx_word' id='word_1_101' title='bbox 2059 1475 2126 1534; x_wconf 91' lang='lat' dir='ltr'><strong>et</strong></span> <span class='ocrx_word' id='word_1_102' title='bbox 2169 1489 2302 1534; x_wconf 82' lang='lat' dir='ltr'><strong>non</strong></span> <span class='ocrx_word' id='word_1_103' title='bbox 2343 1465 2722 1548; x_wconf 77' lang='lat' dir='ltr'><strong>infeudata3</strong></span> 
     </span>
     <span class='ocr_line' id='line_1_14' title="bbox 342 1551 2722 1640; baseline -0.002 -20"><span class='ocrx_word' id='word_1_104' title='bbox 342 1556 501 1620; x_wconf 88' lang='lat' dir='ltr'><strong>item</strong></span> <span class='ocrx_word' id='word_1_105' title='bbox 518 1563 807 1622; x_wconf 85' lang='lat' dir='ltr'><strong>castrum</strong></span> <span class='ocrx_word' id='word_1_106' title='bbox 824 1553 1031 1622; x_wconf 87' lang='lat' dir='ltr'><strong>Satim</strong></span> <span class='ocrx_word' id='word_1_107' title='bbox 1050 1552 1483 1634; x_wconf 88' lang='lat' dir='ltr'><strong>infeudatum,</strong></span> <span class='ocrx_word' id='word_1_108' title='bbox 1502 1562 1788 1621; x_wconf 84' lang='lat' dir='ltr'><strong>castrum</strong></span> <span class='ocrx_word' id='word_1_109' title='bbox 1815 1554 2192 1640; x_wconf 80' lang='lat' dir='ltr'><strong>Tyfenowe‚</strong></span> <span class='ocrx_word' id='word_1_110' title='bbox 2220 1553 2446 1620; x_wconf 83' lang='lat' dir='ltr'><strong>villam</strong></span> <span class='ocrx_word' id='word_1_111' title='bbox 2480 1551 2722 1618; x_wconf 78' lang='lat' dir='ltr'><strong>Sume-</strong></span> 
     </span>
     <span class='ocr_line' id='line_1_15' title="bbox 347 1637 2722 1727; baseline -0.003 -19"><span class='ocrx_word' id='word_1_112' title='bbox 347 1649 561 1727; x_wconf 74' lang='lat' dir='ltr'><strong>wytcz</strong></span> <span class='ocrx_word' id='word_1_113' title='bbox 590 1661 738 1706; x_wconf 88' lang='lat' dir='ltr'><strong>eum</strong></span> <span class='ocrx_word' id='word_1_114' title='bbox 762 1641 900 1710; x_wconf 85' lang='lat' dir='ltr'><strong>suis</strong></span> <span class='ocrx_word' id='word_1_115' title='bbox 924 1642 1340 1727; x_wconf 87' lang='lat' dir='ltr'><strong>pertinentiis</strong></span> <span class='ocrx_word' id='word_1_116' title='bbox 1364 1641 1798 1723; x_wconf 85' lang='lat' dir='ltr'><strong>infeudatam,</strong></span> <span class='ocrx_word' id='word_1_117' title='bbox 1835 1649 2120 1708; x_wconf 82' lang='lat' dir='ltr'><strong>castrum</strong></span> <span class='ocrx_word' id='word_1_118' title='bbox 2147 1639 2492 1707; x_wconf 83' lang='lat' dir='ltr'><strong>Radebcrc</strong></span> <span class='ocrx_word' id='word_1_119' title='bbox 2511 1637 2722 1704; x_wconf 87' lang='lat' dir='ltr'><strong>infeu-</strong></span> 
     </span>
     <span class='ocr_line' id='line_1_16' title="bbox 351 1725 2723 1815; baseline -0.002 -21"><span class='ocrx_word' id='word_1_120' title='bbox 351 1727 602 1810; x_wconf 79' lang='lat' dir='ltr'><strong>datum‚</strong></span> <span class='ocrx_word' id='word_1_121' title='bbox 648 1736 935 1794; x_wconf 75' lang='lat' dir='ltr'><strong>castrum</strong></span> <span class='ocrx_word' id='word_1_122' title='bbox 976 1727 1325 1814; x_wconf 85' lang='lat' dir='ltr'><strong>Lybental,</strong></span> <span class='ocrx_word' id='word_1_123' title='bbox 1357 1739 1643 1796; x_wconf 83' lang='lat' dir='ltr'><strong>castrum</strong></span> <span class='ocrx_word' id='word_1_124' title='bbox 1692 1725 1950 1814; x_wconf 86' lang='lat' dir='ltr'><strong>Wylin,</strong></span> <span class='ocrx_word' id='word_1_125' title='bbox 1993 1727 2308 1815; x_wconf 87' lang='lat' dir='ltr'><strong>oppidum</strong></span> <span class='ocrx_word' id='word_1_126' title='bbox 2347 1725 2723 1808; x_wconf 77' lang='lat' dir='ltr'><strong>Radeburg,</strong></span> 
     </span>
     <span class='ocr_line' id='line_1_17' title="bbox 349 1810 2724 1902; baseline -0.002 -22"><span class='ocrx_word' id='word_1_127' title='bbox 349 1815 783 1883; x_wconf 82' lang='lat' dir='ltr'><strong>munitionem</strong></span> <span class='ocrx_word' id='word_1_128' title='bbox 817 1814 1169 1902; x_wconf 73' lang='lat' dir='ltr'><strong>Lusenytz,</strong></span> <span class='ocrx_word' id='word_1_129' title='bbox 1188 1825 1473 1882; x_wconf 85' lang='lat' dir='ltr'><strong>castrum</strong></span> <span class='ocrx_word' id='word_1_130' title='bbox 1490 1815 1739 1884; x_wconf 85' lang='lat' dir='ltr'><strong>Nussin</strong></span> <span class='ocrx_word' id='word_1_131' title='bbox 1756 1815 1934 1880; x_wconf 89' lang='lat' dir='ltr'><strong>infeu</strong></span> <span class='ocrx_word' id='word_1_132' title='bbox 1944 1814 2188 1895; x_wconf 87' lang='lat' dir='ltr'><strong>datum,</strong></span> <span class='ocrx_word' id='word_1_133' title='bbox 2211 1823 2497 1883; x_wconf 82' lang='lat' dir='ltr'><strong>castrum</strong></span> <span class='ocrx_word' id='word_1_134' title='bbox 2513 1810 2724 1899; x_wconf 77' lang='lat' dir='ltr'><strong>Lych·</strong></span> 
     </span>
     <span class='ocr_line' id='line_1_18' title="bbox 348 1900 2722 1985; baseline -0.003 -15"><span class='ocrx_word' id='word_1_135' title='bbox 348 1900 677 1970; x_wconf 86' lang='lat' dir='ltr'><strong>tenwalde</strong></span> <span class='ocrx_word' id='word_1_136' title='bbox 738 1901 1172 1984; x_wconf 82' lang='lat' dir='ltr'><strong>infeudatum,</strong></span> <span class='ocrx_word' id='word_1_137' title='bbox 1218 1909 1509 1970; x_wconf 82' lang='lat' dir='ltr'><strong>castrum</strong></span> <span class='ocrx_word' id='word_1_138' title='bbox 1554 1901 2006 1970; x_wconf 86' lang='lat' dir='ltr'><strong>Sachsenberc</strong></span> <span class='ocrx_word' id='word_1_139' title='bbox 2071 1901 2521 1985; x_wconf 76' lang='lat' dir='ltr'><strong>infeudatum3</strong></span> <span class='ocrx_word' id='word_1_140' title='bbox 2561 1902 2722 1966; x_wconf 88' lang='lat' dir='ltr'><strong>item</strong></span> 
     </span>
     <span class='ocr_line' id='line_1_19' title="bbox 314 1987 2724 2077; baseline -0.001 -23"><span class='ocrx_word' id='word_1_141' title='bbox 314 2035 321 2040; x_wconf 91' lang='lat'>-</span> <span class='ocrx_word' id='word_1_142' title='bbox 348 1989 571 2056; x_wconf 89' lang='lat' dir='ltr'><strong>omnia</strong></span> <span class='ocrx_word' id='word_1_143' title='bbox 593 1987 771 2056; x_wconf 88' lang='lat' dir='ltr'><strong>bona</strong></span> <span class='ocrx_word' id='word_1_144' title='bbox 786 1987 927 2070; x_wconf 79' lang='lat' dir='ltr'><strong>illa,</strong></span> <span class='ocrx_word' id='word_1_145' title='bbox 951 1998 1166 2058; x_wconf 86' lang='lat' dir='ltr'><strong>castra</strong></span> <span class='ocrx_word' id='word_1_146' title='bbox 1188 1988 1497 2058; x_wconf 82' lang='lat' dir='ltr'><strong>videlicet</strong></span> <span class='ocrx_word' id='word_1_147' title='bbox 1512 1997 1577 2056; x_wconf 92' lang='lat' dir='ltr'><strong>et</strong></span> <span class='ocrx_word' id='word_1_148' title='bbox 1595 1989 1916 2070; x_wconf 85' lang='lat' dir='ltr'><strong>civitates,</strong></span> <span class='ocrx_word' id='word_1_149' title='bbox 1959 1988 2204 2077; x_wconf 87' lang='lat' dir='ltr'><strong>oppida</strong></span> <span class='ocrx_word' id='word_1_150' title='bbox 2219 1997 2284 2055; x_wconf 89' lang='lat' dir='ltr'><strong>et</strong></span> <span class='ocrx_word' id='word_1_151' title='bbox 2298 1987 2510 2064; x_wconf 85' lang='lat' dir='ltr'><strong>villas,</strong></span> <span class='ocrx_word' id='word_1_152' title='bbox 2555 2007 2724 2073; x_wconf 82' lang='lat' dir='ltr'><strong>quas</strong></span> 
     </span>
     <span class='ocr_line' id='line_1_20' title="bbox 343 2073 2724 2163; baseline -0.002 -21"><span class='ocrx_word' id='word_1_153' title='bbox 343 2079 489 2163; x_wconf 87' lang='lat' dir='ltr'><strong>ipse</strong></span> <span class='ocrx_word' id='word_1_154' title='bbox 509 2073 813 2142; x_wconf 87' lang='lat' dir='ltr'><strong>dominus</strong></span> <span class='ocrx_word' id='word_1_155' title='bbox 827 2083 1015 2162; x_wconf 89' lang='lat' dir='ltr'><strong>pater</strong></span> <span class='ocrx_word' id='word_1_156' title='bbox 1030 2097 1232 2154; x_wconf 86' lang='lat' dir='ltr'><strong>meus,</strong></span> <span class='ocrx_word' id='word_1_157' title='bbox 1250 2075 1468 2144; x_wconf 87' lang='lat' dir='ltr'><strong>clarae</strong></span> <span class='ocrx_word' id='word_1_158' title='bbox 1487 2076 1864 2157; x_wconf 86' lang='lat' dir='ltr'><strong>memoriae,</strong></span> <span class='ocrx_word' id='word_1_159' title='bbox 1883 2074 1968 2141; x_wconf 92' lang='lat' dir='ltr'><strong>ab</strong></span> <span class='ocrx_word' id='word_1_160' title='bbox 1985 2075 2266 2142; x_wconf 82' lang='lat' dir='ltr'><strong>ecclesia</strong></span> <span class='ocrx_word' id='word_1_161' title='bbox 2283 2073 2724 2142; x_wconf 84' lang='lat' dir='ltr'><strong>Herueldensi</strong></span> 
     </span>
     <span class='ocr_line' id='line_1_21' title="bbox 346 2160 2718 2246; baseline -0.002 -16"><span class='ocrx_word' id='word_1_162' title='bbox 346 2163 579 2246; x_wconf 86' lang='lat' dir='ltr'><strong>tenuit,</strong></span> <span class='ocrx_word' id='word_1_163' title='bbox 626 2169 691 2230; x_wconf 93' lang='lat' dir='ltr'><strong>et</strong></span> <span class='ocrx_word' id='word_1_164' title='bbox 779 2183 905 2230; x_wconf 90' lang='lat' dir='ltr'><strong>uae</strong></span> <span class='ocrx_word' id='word_1_165' title='bbox 950 2161 1109 2230; x_wconf 88' lang='lat' dir='ltr'><strong>mihi</strong></span> <span class='ocrx_word' id='word_1_166' title='bbox 1153 2165 1222 2229; x_wconf 88' lang='lat' dir='ltr'><strong>in</strong></span> <span class='ocrx_word' id='word_1_167' title='bbox 1268 2163 1539 2230; x_wconf 88' lang='lat' dir='ltr'><strong>feudum</strong></span> <span class='ocrx_word' id='word_1_168' title='bbox 1585 2163 1670 2229; x_wconf 90' lang='lat' dir='ltr'><strong>ab</strong></span> <span class='ocrx_word' id='word_1_169' title='bbox 1716 2162 1946 2230; x_wconf 88' lang='lat' dir='ltr'><strong>eadem</strong></span> <span class='ocrx_word' id='word_1_170' title='bbox 1970 2161 2252 2230; x_wconf 85' lang='lat' dir='ltr'><strong>ecclesia</strong></span> <span class='ocrx_word' id='word_1_171' title='bbox 2274 2168 2429 2228; x_wconf 86' lang='lat' dir='ltr'><strong>sunt</strong></span> <span class='ocrx_word' id='word_1_172' title='bbox 2458 2160 2718 2243; x_wconf 82' lang='lat' dir='ltr'><strong>collata,</strong></span> 
     </span>
     <span class='ocr_line' id='line_1_22' title="bbox 348 2249 2720 2338; baseline -0.003 -20"><span class='ocrx_word' id='word_1_173' title='bbox 348 2258 415 2318; x_wconf 88' lang='lat' dir='ltr'><strong>et</strong></span> <span class='ocrx_word' id='word_1_174' title='bbox 458 2249 681 2322; x_wconf 82' lang='lat' dir='ltr'><strong>omnia</strong></span> <span class='ocrx_word' id='word_1_175' title='bbox 724 2272 765 2318; x_wconf 90' lang='lat' dir='ltr'><strong>a</strong></span> <span class='ocrx_word' id='word_1_176' title='bbox 790 2249 862 2318; x_wconf 78' lang='lat' dir='ltr'><strong>ia</strong></span> <span class='ocrx_word' id='word_1_177' title='bbox 886 2257 1125 2332; x_wconf 74' lang='lat' dir='ltr'><strong>castra,</strong></span> <span class='ocrx_word' id='word_1_178' title='bbox 1168 2251 1488 2334; x_wconf 81' lang='lat' dir='ltr'><strong>civitates,</strong></span> <span class='ocrx_word' id='word_1_179' title='bbox 1534 2249 1802 2338; x_wconf 85' lang='lat' dir='ltr'><strong>oppida,</strong></span> <span class='ocrx_word' id='word_1_180' title='bbox 1845 2249 2060 2332; x_wconf 88' lang='lat' dir='ltr'><strong>villas,</strong></span> <span class='ocrx_word' id='word_1_181' title='bbox 2105 2271 2399 2332; x_wconf 86' lang='lat' dir='ltr'><strong>nemora,</strong></span> <span class='ocrx_word' id='word_1_182' title='bbox 2441 2256 2720 2330; x_wconf 81' lang='lat' dir='ltr'><strong>montes,</strong></span> 
     </span>
     <span class='ocr_line' id='line_1_23' title="bbox 348 2335 2730 2422; baseline -0.002 -20"><span class='ocrx_word' id='word_1_183' title='bbox 348 2335 891 2422; x_wconf 67' lang='lat' dir='ltr'><strong>argentifodinas,</strong></span> <span class='ocrx_word' id='word_1_184' title='bbox 934 2337 1227 2418; x_wconf 85' lang='lat' dir='ltr'><strong>flumina,</strong></span> <span class='ocrx_word' id='word_1_185' title='bbox 1273 2337 1479 2422; x_wconf 88' lang='lat' dir='ltr'><strong>lacus,</strong></span> <span class='ocrx_word' id='word_1_186' title='bbox 1525 2337 1734 2406; x_wconf 81' lang='lat' dir='ltr'><strong>valles</strong></span> <span class='ocrx_word' id='word_1_187' title='bbox 1777 2338 1848 2404; x_wconf 86' lang='lat' dir='ltr'><strong>in</strong></span> <span class='ocrx_word' id='word_1_188' title='bbox 1872 2336 2116 2404; x_wconf 87' lang='lat' dir='ltr'><strong>eisdem</strong></span> <span class='ocrx_word' id='word_1_189' title='bbox 2143 2335 2730 2418; x_wconf 78' lang='lat' dir='ltr'><strong>marchionatibus,</strong></span> 
     </span>
     <span class='ocr_line' id='line_1_24' title="bbox 350 2423 2724 2507; baseline -0.002 -17"><span class='ocrx_word' id='word_1_190' title='bbox 350 2424 664 2504; x_wconf 72' lang='lat' dir='ltr'><strong>Lusatiae</strong></span> <span class='ocrx_word' id='word_1_191' title='bbox 724 2445 803 2490; x_wconf 88' lang='lat' dir='ltr'><strong>ae</strong></span> <span class='ocrx_word' id='word_1_192' title='bbox 846 2423 1242 2492; x_wconf 78' lang='lat' dir='ltr'><strong>Missenensi</strong></span> <span class='ocrx_word' id='word_1_193' title='bbox 1290 2428 1507 2507; x_wconf 87' lang='lat' dir='ltr'><strong>terris,</strong></span> <span class='ocrx_word' id='word_1_194' title='bbox 1584 2431 1896 2490; x_wconf 85' lang='lat' dir='ltr'><strong>contenta</strong></span> <span class='ocrx_word' id='word_1_195' title='bbox 1953 2445 2068 2492; x_wconf 82' lang='lat' dir='ltr'><strong>seu</strong></span> <span class='ocrx_word' id='word_1_196' title='bbox 2113 2426 2376 2506; x_wconf 83' lang='lat' dir='ltr'><strong>situata,</strong></span> <span class='ocrx_word' id='word_1_197' title='bbox 2421 2443 2574 2488; x_wconf 87' lang='lat' dir='ltr'><strong>cum</strong></span> <span class='ocrx_word' id='word_1_198' title='bbox 2619 2443 2724 2486; x_wconf 89' lang='lat' dir='ltr'><strong>ca·</strong></span> 
     </span>
     <span class='ocr_line' id='line_1_25' title="bbox 354 2509 2738 2598; baseline -0.001 -21"><span class='ocrx_word' id='word_1_199' title='bbox 354 2511 529 2592; x_wconf 85' lang='lat' dir='ltr'><strong>stris,</strong></span> <span class='ocrx_word' id='word_1_200' title='bbox 577 2509 975 2591; x_wconf 84' lang='lat' dir='ltr'><strong>civitatibus,</strong></span> <span class='ocrx_word' id='word_1_201' title='bbox 1038 2513 1321 2598; x_wconf 84' lang='lat' dir='ltr'><strong>oppidis,</strong></span> <span class='ocrx_word' id='word_1_202' title='bbox 1380 2512 1561 2578; x_wconf 85' lang='lat' dir='ltr'><strong>villis</strong></span> <span class='ocrx_word' id='word_1_203' title='bbox 1623 2533 1702 2578; x_wconf 88' lang='lat' dir='ltr'><strong>ac</strong></span> <span class='ocrx_word' id='word_1_204' title='bbox 1764 2510 1914 2577; x_wconf 90' lang='lat' dir='ltr'><strong>aliis</strong></span> <span class='ocrx_word' id='word_1_205' title='bbox 1958 2511 2120 2578; x_wconf 89' lang='lat' dir='ltr'><strong>locis</strong></span> <span class='ocrx_word' id='word_1_206' title='bbox 2165 2533 2246 2578; x_wconf 85' lang='lat' dir='ltr'><strong>ac</strong></span> <span class='ocrx_word' id='word_1_207' title='bbox 2292 2511 2485 2576; x_wconf 79' lang='lat' dir='ltr'><strong>bonis</strong></span> <span class='ocrx_word' id='word_1_208' title='bbox 2510 2511 2738 2575; x_wconf 77' lang='lat' dir='ltr'><strong>inter·-</strong></span> 
     </span>
     <span class='ocr_line' id='line_1_26' title="bbox 352 2595 2738 2686; baseline -0 -22"><span class='ocrx_word' id='word_1_209' title='bbox 352 2595 609 2678; x_wconf 85' lang='lat' dir='ltr'><strong>mediis,</strong></span> <span class='ocrx_word' id='word_1_210' title='bbox 669 2605 735 2662; x_wconf 90' lang='lat' dir='ltr'><strong>et</strong></span> <span class='ocrx_word' id='word_1_211' title='bbox 793 2619 945 2666; x_wconf 86' lang='lat' dir='ltr'><strong>eum</strong></span> <span class='ocrx_word' id='word_1_212' title='bbox 998 2599 1291 2684; x_wconf 82' lang='lat' dir='ltr'><strong>judiciis,</strong></span> <span class='ocrx_word' id='word_1_213' title='bbox 1346 2599 1635 2686; x_wconf 86' lang='lat' dir='ltr'><strong>juribus,</strong></span> <span class='ocrx_word' id='word_1_214' title='bbox 1693 2597 2116 2682; x_wconf 83' lang='lat' dir='ltr'><strong>utilitatibus,</strong></span> <span class='ocrx_word' id='word_1_215' title='bbox 2176 2596 2606 2686; x_wconf 78' lang='lat' dir='ltr'><strong>proventibus</strong></span> <span class='ocrx_word' id='word_1_216' title='bbox 2669 2604 2738 2664; x_wconf 86' lang='lat' dir='ltr'><strong>et</strong></span> 
     </span>
     <span class='ocr_line' id='line_1_27' title="bbox 352 2685 2734 2772; baseline -0.001 -21"><span class='ocrx_word' id='word_1_217' title='bbox 352 2685 767 2772; x_wconf 86' lang='lat' dir='ltr'><strong>pertinentiis</strong></span> <span class='ocrx_word' id='word_1_218' title='bbox 812 2687 1159 2769; x_wconf 84' lang='lat' dir='ltr'><strong>universis,</strong></span> <span class='ocrx_word' id='word_1_219' title='bbox 1211 2688 1299 2752; x_wconf 87' lang='lat' dir='ltr'><strong>ad</strong></span> <span class='ocrx_word' id='word_1_220' title='bbox 1362 2685 1573 2754; x_wconf 86' lang='lat' dir='ltr'><strong>dictos</strong></span> <span class='ocrx_word' id='word_1_221' title='bbox 1633 2686 2143 2768; x_wconf 84' lang='lat' dir='ltr'><strong>marchionatus,</strong></span> <span class='ocrx_word' id='word_1_222' title='bbox 2201 2695 2428 2765; x_wconf 87' lang='lat' dir='ltr'><strong>terras,</strong></span> <span class='ocrx_word' id='word_1_223' title='bbox 2493 2691 2734 2766; x_wconf 85' lang='lat' dir='ltr'><strong>castra,</strong></span> 
     </span>
     <span class='ocr_line' id='line_1_28' title="bbox 356 2772 2733 2860; baseline -0.001 -23"><span class='ocrx_word' id='word_1_224' title='bbox 356 2773 679 2854; x_wconf 87' lang='lat' dir='ltr'><strong>civitates,</strong></span> <span class='ocrx_word' id='word_1_225' title='bbox 726 2773 1099 2849; x_wconf 84' lang='lat' dir='ltr'><strong>nominatas</strong></span> <span class='ocrx_word' id='word_1_226' title='bbox 1144 2783 1213 2840; x_wconf 90' lang='lat' dir='ltr'><strong>et</strong></span> <span class='ocrx_word' id='word_1_227' title='bbox 1254 2794 1389 2840; x_wconf 84' lang='lat' dir='ltr'><strong>uon</strong></span> <span class='ocrx_word' id='word_1_228' title='bbox 1435 2775 1826 2853; x_wconf 83' lang='lat' dir='ltr'><strong>nominatas,</strong></span> <span class='ocrx_word' id='word_1_229' title='bbox 1873 2781 1938 2838; x_wconf 91' lang='lat' dir='ltr'><strong>et</strong></span> <span class='ocrx_word' id='word_1_230' title='bbox 1981 2772 2126 2842; x_wconf 86' lang='lat' dir='ltr'><strong>loca</strong></span> <span class='ocrx_word' id='word_1_231' title='bbox 2170 2774 2500 2860; x_wconf 76' lang='lat' dir='ltr'><strong>praedicta</strong></span> <span class='ocrx_word' id='word_1_232' title='bbox 2543 2791 2733 2858; x_wconf 86' lang='lat' dir='ltr'><strong>spec-</strong></span> 
     </span>
     <span class='ocr_line' id='line_1_29' title="bbox 354 2857 2734 2947; baseline -0.002 -21"><span class='ocrx_word' id='word_1_233' title='bbox 354 2867 594 2942; x_wconf 83' lang='lat' dir='ltr'><strong>tantes,</strong></span> <span class='ocrx_word' id='word_1_234' title='bbox 642 2859 754 2945; x_wconf 87' lang='lat' dir='ltr'><strong>qui</strong></span> <span class='ocrx_word' id='word_1_235' title='bbox 800 2866 866 2926; x_wconf 88' lang='lat' dir='ltr'><strong>et</strong></span> <span class='ocrx_word' id='word_1_236' title='bbox 910 2881 1079 2947; x_wconf 88' lang='lat' dir='ltr'><strong>quae</strong></span> <span class='ocrx_word' id='word_1_237' title='bbox 1126 2861 1283 2926; x_wconf 86' lang='lat' dir='ltr'><strong>mibi</strong></span> <span class='ocrx_word' id='word_1_238' title='bbox 1331 2861 1676 2942; x_wconf 85' lang='lat' dir='ltr'><strong>debentur,</strong></span> <span class='ocrx_word' id='word_1_239' title='bbox 1725 2869 1790 2924; x_wconf 91' lang='lat' dir='ltr'><strong>et</strong></span> <span class='ocrx_word' id='word_1_240' title='bbox 1836 2868 2154 2946; x_wconf 86' lang='lat' dir='ltr'><strong>quantum</strong></span> <span class='ocrx_word' id='word_1_241' title='bbox 2211 2862 2301 2926; x_wconf 85' lang='lat' dir='ltr'><strong>ad</strong></span> <span class='ocrx_word' id='word_1_242' title='bbox 2359 2880 2467 2924; x_wconf 90' lang='lat' dir='ltr'><strong>me</strong></span> <span class='ocrx_word' id='word_1_243' title='bbox 2511 2867 2579 2924; x_wconf 91' lang='lat' dir='ltr'><strong>et</strong></span> <span class='ocrx_word' id='word_1_244' title='bbox 2620 2857 2734 2922; x_wconf 85' lang='lat' dir='ltr'><strong>he·</strong></span> 
     </span>
     <span class='ocr_line' id='line_1_30' title="bbox 362 2945 2736 3032; baseline -0.003 -18"><span class='ocrx_word' id='word_1_245' title='bbox 362 2945 559 3014; x_wconf 86' lang='lat' dir='ltr'><strong>redes</strong></span> <span class='ocrx_word' id='word_1_246' title='bbox 616 2949 802 3014; x_wconf 82' lang='lat' dir='ltr'><strong>meos</strong></span> <span class='ocrx_word' id='word_1_247' title='bbox 861 2947 1210 3032; x_wconf 87' lang='lat' dir='ltr'><strong>pertinent,</strong></span> <span class='ocrx_word' id='word_1_248' title='bbox 1270 2957 1403 3016; x_wconf 85' lang='lat' dir='ltr'><strong>tam</strong></span> <span class='ocrx_word' id='word_1_249' title='bbox 1472 2970 1558 3014; x_wconf 80' lang='lat' dir='ltr'><strong>ex</strong></span> <span class='ocrx_word' id='word_1_250' title='bbox 1629 2948 2052 3016; x_wconf 72' lang='lat' dir='ltr'><strong>successione</strong></span> <span class='ocrx_word' id='word_1_251' title='bbox 2115 2956 2182 3014; x_wconf 92' lang='lat' dir='ltr'><strong>et</strong></span> <span class='ocrx_word' id='word_1_252' title='bbox 2225 2947 2578 3013; x_wconf 77' lang='lat' dir='ltr'><strong>donatione</strong></span> <span class='ocrx_word' id='word_1_253' title='bbox 2620 2966 2736 3031; x_wconf 86' lang='lat' dir='ltr'><strong>pa·-</strong></span> 
     </span>
     <span class='ocr_line' id='line_1_31' title="bbox 358 3033 2737 3122; baseline -0.003 -18"><span class='ocrx_word' id='word_1_254' title='bbox 358 3044 573 3116; x_wconf 83' lang='lat' dir='ltr'><strong>terna,</strong></span> <span class='ocrx_word' id='word_1_255' title='bbox 616 3055 813 3119; x_wconf 86' lang='lat' dir='ltr'><strong>quam</strong></span> <span class='ocrx_word' id='word_1_256' title='bbox 859 3055 944 3100; x_wconf 85' lang='lat' dir='ltr'><strong>ex</strong></span> <span class='ocrx_word' id='word_1_257' title='bbox 990 3055 1403 3121; x_wconf 84' lang='lat' dir='ltr'><strong>quocumque</strong></span> <span class='ocrx_word' id='word_1_258' title='bbox 1450 3035 1581 3104; x_wconf 88' lang='lat' dir='ltr'><strong>alio</strong></span> <span class='ocrx_word' id='word_1_259' title='bbox 1618 3036 1770 3122; x_wconf 89' lang='lat' dir='ltr'><strong>jure</strong></span> <span class='ocrx_word' id='word_1_260' title='bbox 1816 3033 1976 3100; x_wconf 86' lang='lat' dir='ltr'><strong>mihi</strong></span> <span class='ocrx_word' id='word_1_261' title='bbox 2021 3055 2219 3120; x_wconf 87' lang='lat' dir='ltr'><strong>super</strong></span> <span class='ocrx_word' id='word_1_262' title='bbox 2262 3034 2366 3100; x_wconf 84' lang='lat' dir='ltr'><strong>his</strong></span> <span class='ocrx_word' id='word_1_263' title='bbox 2404 3041 2474 3098; x_wconf 91' lang='lat' dir='ltr'><strong>et</strong></span> <span class='ocrx_word' id='word_1_264' title='bbox 2511 3039 2737 3098; x_wconf 84' lang='lat' dir='ltr'><strong>eorum</strong></span> 
     </span>
     <span class='ocr_line' id='line_1_32' title="bbox 364 3117 2740 3272; baseline -0.002 -84"><span class='ocrx_word' id='word_1_265' title='bbox 364 3119 610 3206; x_wconf 85' lang='lat' dir='ltr'><strong>aliquo,</strong></span> <span class='ocrx_word' id='word_1_266' title='bbox 660 3118 1037 3204; x_wconf 83' lang='lat' dir='ltr'><strong>specialiter</strong></span> <span class='ocrx_word' id='word_1_267' title='bbox 1083 3120 1191 3186; x_wconf 87' lang='lat' dir='ltr'><strong>vel</strong></span> <span class='ocrx_word' id='word_1_268' title='bbox 1235 3121 1633 3206; x_wconf 85' lang='lat' dir='ltr'><strong>generaliter</strong></span> <span class='ocrx_word' id='word_1_269' title='bbox 1676 3121 2018 3272; x_wconf 51' lang='lat' dir='ltr'><strong>ecguisito,</strong></span> <span class='ocrx_word' id='word_1_270' title='bbox 2063 3130 2131 3186; x_wconf 89' lang='lat' dir='ltr'><strong>et</strong></span> <span class='ocrx_word' id='word_1_271' title='bbox 2171 3117 2566 3207; x_wconf 72' lang='lat' dir='ltr'><strong>generaliter</strong></span> <span class='ocrx_word' id='word_1_272' title='bbox 2588 3139 2740 3184; x_wconf 85' lang='lat' dir='ltr'><strong>cum</strong></span> 
     </span>
     <span class='ocr_line' id='line_1_33' title="bbox 369 3206 2741 3294; baseline -0.001 -22"><span class='ocrx_word' id='word_1_273' title='bbox 369 3206 549 3272; x_wconf 88' lang='lat' dir='ltr'><strong>omni</strong></span> <span class='ocrx_word' id='word_1_274' title='bbox 601 3206 755 3289; x_wconf 90' lang='lat' dir='ltr'><strong>jure</strong></span> <span class='ocrx_word' id='word_1_275' title='bbox 815 3207 970 3288; x_wconf 87' lang='lat' dir='ltr'><strong>alic,</strong></span> <span class='ocrx_word' id='word_1_276' title='bbox 1035 3207 1209 3293; x_wconf 90' lang='lat' dir='ltr'><strong>quod</strong></span> <span class='ocrx_word' id='word_1_277' title='bbox 1266 3209 1425 3273; x_wconf 87' lang='lat' dir='ltr'><strong>mihi</strong></span> <span class='ocrx_word' id='word_1_278' title='bbox 1489 3219 1555 3275; x_wconf 90' lang='lat' dir='ltr'><strong>et</strong></span> <span class='ocrx_word' id='word_1_279' title='bbox 1597 3208 1751 3273; x_wconf 89' lang='lat' dir='ltr'><strong>here</strong></span> <span class='ocrx_word' id='word_1_280' title='bbox 1801 3207 1957 3277; x_wconf 72' lang='lat' dir='ltr'><strong>ibus«</strong></span> <span class='ocrx_word' id='word_1_281' title='bbox 1995 3209 2160 3273; x_wconf 84' lang='lat' dir='ltr'><strong>meis</strong></span> <span class='ocrx_word' id='word_1_282' title='bbox 2206 3207 2523 3294; x_wconf 81' lang='lat' dir='ltr'><strong>competit</strong></span> <span class='ocrx_word' id='word_1_283' title='bbox 2563 3206 2741 3271; x_wconf 84' lang='lat' dir='ltr'><strong>etin</strong></span> 
     </span>
     <span class='ocr_line' id='line_1_34' title="bbox 370 3291 2742 3382; baseline -0.003 -20"><span class='ocrx_word' id='word_1_284' title='bbox 370 3293 668 3362; x_wconf 81' lang='lat' dir='ltr'><strong>futurum</strong></span> <span class='ocrx_word' id='word_1_285' title='bbox 712 3301 938 3382; x_wconf 86' lang='lat' dir='ltr'><strong>posset</strong></span> <span class='ocrx_word' id='word_1_286' title='bbox 982 3304 1355 3381; x_wconf 82' lang='lat' dir='ltr'><strong>competere</strong></span> <span class='ocrx_word' id='word_1_287' title='bbox 1416 3294 1524 3362; x_wconf 84' lang='lat' dir='ltr'><strong>vel</strong></span> <span class='ocrx_word' id='word_1_288' title='bbox 1581 3293 1850 3364; x_wconf 81' lang='lat' dir='ltr'><strong>deberet</strong></span> <span class='ocrx_word' id='word_1_289' title='bbox 1907 3295 1975 3360; x_wconf 87' lang='lat' dir='ltr'><strong>in</strong></span> <span class='ocrx_word' id='word_1_290' title='bbox 2021 3293 2375 3382; x_wconf 84' lang='lat' dir='ltr'><strong>praedietis</strong></span> <span class='ocrx_word' id='word_1_291' title='bbox 2419 3291 2742 3360; x_wconf 81' lang='lat' dir='ltr'><strong>marchio-</strong></span> 
     </span>
     <span class='ocr_line' id='line_1_35' title="bbox 372 3377 2742 3468; baseline -0.003 -18"><span class='ocrx_word' id='word_1_292' title='bbox 372 3377 662 3458; x_wconf 84' lang='lat' dir='ltr'><strong>natibus,</strong></span> <span class='ocrx_word' id='word_1_293' title='bbox 712 3383 931 3462; x_wconf 81' lang='lat' dir='ltr'><strong>terris,</strong></span> <span class='ocrx_word' id='word_1_294' title='bbox 988 3383 1241 3463; x_wconf 86' lang='lat' dir='ltr'><strong>castris,</strong></span> <span class='ocrx_word' id='word_1_295' title='bbox 1304 3381 1688 3458; x_wconf 76' lang='lat' dir='ltr'><strong>civitatibus</strong></span> <span class='ocrx_word' id='word_1_296' title='bbox 1753 3391 1818 3448; x_wconf 92' lang='lat' dir='ltr'><strong>et</strong></span> <span class='ocrx_word' id='word_1_297' title='bbox 1859 3379 2008 3450; x_wconf 84' lang='lat' dir='ltr'><strong>aliis</strong></span> <span class='ocrx_word' id='word_1_298' title='bbox 2054 3381 2358 3449; x_wconf 85' lang='lat' dir='ltr'><strong>omnibus</strong></span> <span class='ocrx_word' id='word_1_299' title='bbox 2403 3378 2742 3468; x_wconf 81' lang='lat' dir='ltr'><strong>supradic-</strong></span> 
     </span>
     <span class='ocr_line' id='line_1_36' title="bbox 366 3467 2742 3555; baseline -0.001 -20"><span class='ocrx_word' id='word_1_300' title='bbox 366 3469 451 3536; x_wconf 89' lang='lat' dir='ltr'><strong>tis</strong></span> <span class='ocrx_word' id='word_1_301' title='bbox 522 3478 591 3534; x_wconf 89' lang='lat' dir='ltr'><strong>et</strong></span> <span class='ocrx_word' id='word_1_302' title='bbox 656 3468 948 3555; x_wconf 87' lang='lat' dir='ltr'><strong>ipsorum</strong></span> <span class='ocrx_word' id='word_1_303' title='bbox 1014 3467 1326 3554; x_wconf 84' lang='lat' dir='ltr'><strong>quolibet,</strong></span> <span class='ocrx_word' id='word_1_304' title='bbox 1390 3471 1682 3536; x_wconf 88' lang='lat' dir='ltr'><strong>sentiens</strong></span> <span class='ocrx_word' id='word_1_305' title='bbox 1739 3470 1810 3535; x_wconf 90' lang='lat' dir='ltr'><strong>in</strong></span> <span class='ocrx_word' id='word_1_306' title='bbox 1873 3469 1996 3536; x_wconf 88' lang='lat' dir='ltr'><strong>hoc</strong></span> <span class='ocrx_word' id='word_1_307' title='bbox 2041 3468 2480 3535; x_wconf 85' lang='lat' dir='ltr'><strong>conditionem</strong></span> <span class='ocrx_word' id='word_1_308' title='bbox 2506 3473 2742 3532; x_wconf 81' lang='lat' dir='ltr'><strong>&#39;meam</strong></span> 
     </span>
     <span class='ocr_line' id='line_1_37' title="bbox 359 3554 2480 3643; baseline -0 -23"><span class='ocrx_word' id='word_1_309' title='bbox 359 3555 555 3643; x_wconf 86' lang='lat' dir='ltr'><strong>posse</strong></span> <span class='ocrx_word' id='word_1_310' title='bbox 590 3555 739 3622; x_wconf 83' lang='lat' dir='ltr'><strong>fieri</strong></span> <span class='ocrx_word' id='word_1_311' title='bbox 784 3554 1119 3624; x_wconf 88' lang='lat' dir='ltr'><strong>meliorem</strong></span> <span class='ocrx_word' id='word_1_312' title='bbox 1164 3593 1250 3606; x_wconf 84' lang='lat'><strong>--</strong></span> <span class='ocrx_word' id='word_1_313' title='bbox 2473 3556 2480 3576; x_wconf 82' lang='grc'><strong>““</strong></span> 
     </span>
    </p>

    <p class='ocr_par' dir='ltr' id='par_1_3' title="bbox 359 3639 2748 4341">
     <span class='ocr_line' id='line_1_38' title="bbox 540 3639 2744 3730; baseline -0.001 -24"><span class='ocrx_word' id='word_1_314' title='bbox 540 3639 689 3728; x_wconf 85' lang='grc' dir='ltr'>(ΙΙ.)</span> <span class='ocrx_word' id='word_1_315' title='bbox 755 3641 859 3718; x_wconf 85' lang='lat' dir='ltr'><strong>de,</strong></span> <span class='ocrx_word' id='word_1_316' title='bbox 924 3642 1114 3708; x_wconf 88' lang='lat' dir='ltr'><strong>trado</strong></span> <span class='ocrx_word' id='word_1_317' title='bbox 1183 3653 1247 3710; x_wconf 89' lang='lat' dir='ltr'><strong>et</strong></span> <span class='ocrx_word' id='word_1_318' title='bbox 1312 3652 1616 3730; x_wconf 86' lang='lat' dir='ltr'><strong>permuto</strong></span> <span class='ocrx_word' id='word_1_319' title='bbox 1665 3645 1819 3729; x_wconf 85' lang='lat' dir='ltr'><strong>jure</strong></span> <span class='ocrx_word' id='word_1_320' title='bbox 1881 3645 2145 3730; x_wconf 84' lang='lat' dir='ltr'><strong>proprio</strong></span> <span class='ocrx_word' id='word_1_321' title='bbox 2205 3643 2274 3708; x_wconf 89' lang='lat' dir='ltr'><strong>in</strong></span> <span class='ocrx_word' id='word_1_322' title='bbox 2336 3647 2744 3730; x_wconf 86' lang='lat' dir='ltr'><strong>perpetuum,</strong></span> 
     </span>
     <span class='ocr_line' id='line_1_39' title="bbox 366 3727 2744 3810; baseline -0.003 -13"><span class='ocrx_word' id='word_1_323' title='bbox 366 3749 511 3797; x_wconf 86' lang='lat' dir='ltr'><strong>meo</strong></span> <span class='ocrx_word' id='word_1_324' title='bbox 556 3738 623 3794; x_wconf 89' lang='lat' dir='ltr'><strong>et</strong></span> <span class='ocrx_word' id='word_1_325' title='bbox 667 3731 959 3797; x_wconf 87' lang='lat' dir='ltr'><strong>omnium</strong></span> <span class='ocrx_word' id='word_1_326' title='bbox 1004 3729 1323 3797; x_wconf 88' lang='lat' dir='ltr'><strong>heredum</strong></span> <span class='ocrx_word' id='word_1_327' title='bbox 1366 3751 1661 3800; x_wconf 87' lang='lat' dir='ltr'><strong>meorum</strong></span> <span class='ocrx_word' id='word_1_328' title='bbox 1702 3731 1990 3810; x_wconf 86' lang='lat' dir='ltr'><strong>nomine,</strong></span> <span class='ocrx_word' id='word_1_329' title='bbox 2037 3730 2453 3798; x_wconf 79' lang='lat' dir='ltr'><strong>serenissimo</strong></span> <span class='ocrx_word' id='word_1_330' title='bbox 2477 3727 2744 3794; x_wconf 85' lang='lat' dir='ltr'><strong>domino</strong></span> 
     </span>
     <span class='ocr_line' id='line_1_40' title="bbox 359 3814 2742 3904; baseline -0.002 -20"><span class='ocrx_word' id='word_1_331' title='bbox 359 3814 781 3894; x_wconf 81' lang='lat' dir='ltr'><strong>Wencezlao,</strong></span> <span class='ocrx_word' id='word_1_332' title='bbox 841 3816 981 3904; x_wconf 80' lang='lat' dir='ltr'><strong>regi</strong></span> <span class='ocrx_word' id='word_1_333' title='bbox 1026 3816 1387 3884; x_wconf 89' lang='lat' dir='ltr'><strong>Bohemiae</strong></span> <span class='ocrx_word' id='word_1_334' title='bbox 1448 3816 1788 3904; x_wconf 84' lang='lat' dir='ltr'><strong>praeclaro</strong></span> <span class='ocrx_word' id='word_1_335' title='bbox 1848 3825 1913 3885; x_wconf 92' lang='lat' dir='ltr'><strong>et</strong></span> <span class='ocrx_word' id='word_1_336' title='bbox 1975 3817 2338 3884; x_wconf 82' lang='lat' dir='ltr'><strong>marchioni</strong></span> <span class='ocrx_word' id='word_1_337' title='bbox 2383 3815 2742 3897; x_wconf 81' lang='lat' dir='ltr'><strong>Moraviae,</strong></span> 
     </span>
     <span class='ocr_line' id='line_1_41' title="bbox 366 3903 2746 3991; baseline -0.002 -19"><span class='ocrx_word' id='word_1_338' title='bbox 366 3913 434 3972; x_wconf 85' lang='lat' dir='ltr'><strong>et</strong></span> <span class='ocrx_word' id='word_1_339' title='bbox 495 3925 643 3970; x_wconf 90' lang='lat' dir='ltr'><strong>cum</strong></span> <span class='ocrx_word' id='word_1_340' title='bbox 708 3925 788 3970; x_wconf 88' lang='lat' dir='ltr'><strong>eo</strong></span> <span class='ocrx_word' id='word_1_341' title='bbox 846 3904 1205 3991; x_wconf 81' lang='lat' dir='ltr'><strong>recipiente</strong></span> <span class='ocrx_word' id='word_1_342' title='bbox 1266 3927 1307 3970; x_wconf 90' lang='lat' dir='ltr'><strong>a</strong></span> <span class='ocrx_word' id='word_1_343' title='bbox 1351 3927 1456 3972; x_wconf 87' lang='lat' dir='ltr'><strong>me</strong></span> <span class='ocrx_word' id='word_1_344' title='bbox 1501 3905 1570 3969; x_wconf 88' lang='lat' dir='ltr'><strong>in</strong></span> <span class='ocrx_word' id='word_1_345' title='bbox 1619 3904 2166 3990; x_wconf 86' lang='lat' dir='ltr'><strong>permutationem</strong></span> <span class='ocrx_word' id='word_1_346' title='bbox 2211 3925 2332 3991; x_wconf 90' lang='lat' dir='ltr'><strong>pro</strong></span> <span class='ocrx_word' id='word_1_347' title='bbox 2376 3925 2447 3972; x_wconf 82' lang='lat' dir='ltr'><strong>se</strong></span> <span class='ocrx_word' id='word_1_348' title='bbox 2493 3912 2560 3968; x_wconf 90' lang='lat' dir='ltr'><strong>et</strong></span> <span class='ocrx_word' id='word_1_349' title='bbox 2601 3903 2746 3968; x_wconf 85' lang='lat' dir='ltr'><strong>uni·</strong></span> 
     </span>
     <span class='ocr_line' id='line_1_42' title="bbox 365 3989 2748 4073; baseline 0 -18"><span class='ocrx_word' id='word_1_350' title='bbox 365 3991 577 4060; x_wconf 82' lang='lat' dir='ltr'><strong>versis</strong></span> <span class='ocrx_word' id='word_1_351' title='bbox 608 3989 973 4062; x_wconf 76' lang='lat' dir='ltr'><strong>,heredibus</strong></span> <span class='ocrx_word' id='word_1_352' title='bbox 1020 3992 1175 4066; x_wconf 86' lang='lat' dir='ltr'><strong>suis,</strong></span> <span class='ocrx_word' id='word_1_353' title='bbox 1222 3990 1732 4073; x_wconf 86' lang='lat' dir='ltr'><strong>marchionatus,</strong></span> <span class='ocrx_word' id='word_1_354' title='bbox 1777 3999 2005 4066; x_wconf 82' lang='lat' dir='ltr'><strong>terras,</strong></span> <span class='ocrx_word' id='word_1_355' title='bbox 2051 3999 2286 4073; x_wconf 86' lang='lat' dir='ltr'><strong>castra,</strong></span> <span class='ocrx_word' id='word_1_356' title='bbox 2328 3990 2636 4056; x_wconf 81' lang='lat' dir='ltr'><strong>civitates</strong></span> <span class='ocrx_word' id='word_1_357' title='bbox 2681 3998 2748 4056; x_wconf 85' lang='lat' dir='ltr'><strong>et</strong></span> 
     </span>
     <span class='ocr_line' id='line_1_43' title="bbox 370 4075 2748 4164; baseline -0 -21"><span class='ocrx_word' id='word_1_358' title='bbox 370 4079 591 4148; x_wconf 80' lang='lat' dir='ltr'><strong>omnia</strong></span> <span class='ocrx_word' id='word_1_359' title='bbox 637 4075 769 4146; x_wconf 84' lang='lat' dir='ltr'><strong>alia</strong></span> <span class='ocrx_word' id='word_1_360' title='bbox 812 4087 1219 4164; x_wconf 80' lang='lat' dir='ltr'><strong>praenotata,</strong></span> <span class='ocrx_word' id='word_1_361' title='bbox 1266 4078 1779 4159; x_wconf 72' lang='lat' dir='ltr'><strong>adhabendum,</strong></span> <span class='ocrx_word' id='word_1_362' title='bbox 1825 4077 2205 4160; x_wconf 88' lang='lat' dir='ltr'><strong>tenendum,</strong></span> <span class='ocrx_word' id='word_1_363' title='bbox 2295 4077 2748 4158; x_wconf 83' lang='lat' dir='ltr'><strong>ossidendum‚</strong></span> 
     </span>
     <span class='ocr_line' id='line_1_44' title="bbox 364 4101 2746 4320; baseline -0.001 -88"><span class='ocrx_word' id='word_1_364' title='bbox 364 4174 433 4232; x_wconf 89' lang='lat' dir='ltr'><strong>et</strong></span> <span class='ocrx_word' id='word_1_365' title='bbox 498 4163 824 4320; x_wconf 61' lang='lat' dir='ltr'><strong>quidcssiid</strong></span> <span class='ocrx_word' id='word_1_366' title='bbox 894 4163 1207 4250; x_wconf 81' lang='lat' dir='ltr'><strong>deinceps</strong></span> <span class='ocrx_word' id='word_1_367' title='bbox 1273 4167 1419 4248; x_wconf 81' lang='lat' dir='ltr'><strong>sibi,</strong></span> <span class='ocrx_word' id='word_1_368' title='bbox 1490 4167 1760 4252; x_wconf 88' lang='lat' dir='ltr'><strong>suisque</strong></span> <span class='ocrx_word' id='word_1_369' title='bbox 1823 4163 2178 4234; x_wconf 78' lang='lat' dir='ltr'><strong>heredibus</strong></span> <span class='ocrx_word' id='word_1_370' title='bbox 2245 4101 2328 4230; x_wconf 59' lang='lat' dir='ltr'><strong>de</strong></span> <span class='ocrx_word' id='word_1_371' title='bbox 2395 4166 2558 4252; x_wconf 82' lang='lat' dir='ltr'><strong>ipsis</strong></span> <span class='ocrx_word' id='word_1_372' title='bbox 2637 4165 2746 4230; x_wconf 74' lang='lat' dir='ltr'><strong>vel</strong></span> 
     </span>
     <span class='ocr_line' id='line_1_45' title="bbox 365 4250 2588 4341; baseline 0 -22"><span class='ocrx_word' id='word_1_373' title='bbox 365 4273 595 4321; x_wconf 71' lang='lat' dir='ltr'><strong>eurum</strong></span> <span class='ocrx_word' id='word_1_374' title='bbox 644 4274 685 4316; x_wconf 85' lang='lat' dir='ltr'><strong>a</strong></span> <span class='ocrx_word' id='word_1_375' title='bbox 714 4252 867 4338; x_wconf 82' lang='lat' dir='ltr'><strong>‘quo</strong></span> <span class='ocrx_word' id='word_1_376' title='bbox 911 4250 1253 4338; x_wconf 85' lang='lat' dir='ltr'><strong>placuerit,</strong></span> <span class='ocrx_word' id='word_1_377' title='bbox 1300 4264 1618 4341; x_wconf 84' lang='lat' dir='ltr'><strong>perpetuo</strong></span> <span class='ocrx_word' id='word_1_378' title='bbox 1662 4251 2075 4336; x_wconf 80' lang='lat' dir='ltr'><strong>faciendum3</strong></span> <span class='ocrx_word' id='word_1_379' title='bbox 2586 4277 2588 4279; x_wconf 63' lang='grc'><strong><em>’</em></strong></span> 
     </span>
    </p>

    <p class='ocr_par' dir='ltr' id='par_1_4' title="bbox 480 4337 2755 4429">
     <span class='ocr_line' id='line_1_46' title="bbox 480 4337 2755 4429; baseline -0.002 -21"><span class='ocrx_word' id='word_1_380' title='bbox 480 4388 487 4397; x_wconf 84' lang='lat'>‚</span> <span class='ocrx_word' id='word_1_381' title='bbox 550 4337 731 4422; x_wconf 81' lang='lat' dir='ltr'><strong>(III.)</strong></span> <span class='ocrx_word' id='word_1_382' title='bbox 778 4338 1183 4411; x_wconf 76' lang='lat' dir='ltr'><strong>transferens</strong></span> <span class='ocrx_word' id='word_1_383' title='bbox 1228 4339 1331 4409; x_wconf 85' lang='lat' dir='ltr'><strong>his</strong></span> <span class='ocrx_word' id='word_1_384' title='bbox 1378 4341 1640 4429; x_wconf 83' lang='lat' dir='ltr'><strong>scriptis</strong></span> <span class='ocrx_word' id='word_1_385' title='bbox 1686 4340 1754 4408; x_wconf 84' lang='lat' dir='ltr'><strong>in</strong></span> <span class='ocrx_word' id='word_1_386' title='bbox 1801 4339 2082 4410; x_wconf 79' lang='lat' dir='ltr'><strong>eundem</strong></span> <span class='ocrx_word' id='word_1_387' title='bbox 2135 4338 2492 4409; x_wconf 88' lang='lat' dir='ltr'><strong>dominum.</strong></span> <span class='ocrx_word' id='word_1_388' title='bbox 2531 4359 2755 4425; x_wconf 85' lang='lat' dir='ltr'><strong>regem</strong></span> 
     </span>
    </p>
   </div>
  </div>
 </body>
</html>
