3150 5017
1221 316 1659 383 ...33-

463 486 616 540 Hunc
668 493 992 555 contextum,
1052 506 1174 543 cum
1221 491 1454 547 editions
1505 492 1985 559 Tomaschekians„
2040 493 2235 561 partim
2290 496 2451 547 etiam
2506 508 2625 548 cnm

275 558 486 611 editione
519 558 934 625 Sternbergiana
969 566 1022 611 et
1055 560 1402 613 Boozekiana
1439 563 1712 626 collatum,
1760 564 1861 615 sub
1898 564 2053 617 litera
2087 565 2135 615 A
2170 564 2499 631 exhibentes,
2536 566 2627 617 ad-

265 628 474 693 jecimus
509 630 557 678 ei
593 634 898 681 contextum
932 631 992 681 in
1027 630 1138 681 alio
1171 631 1468 697 diplomate
1499 632 1751 683 tnbdarii
1810 633 2135 699 Iglaviensis
2174 640 2519 699 neumatum,
2565 636 2630 687 li-

271 702 372 748 tera
402 698 444 749 Β
476 698 806 765 inscriptum,
844 699 1068 764 originis
1103 700 1316 765 quidem
1353 703 1667 753 recentioris
1703 706 1755 753 et
1790 703 2143 769 prolixiorem,
2182 709 2418 755 attamen
2454 704 2633 755 adhuc

272 771 390 817 ante
429 762 584 817 finem
619 768 824 819 saeculi
869 769 1006 819 XIII
1053 770 1140 819 vel
1185 770 1408 821 ineunte
1439 770 1658 823 saeculo
1695 772 1827 823 xlv
1860 774 2241 839 conscriptum,
2286 788 2445 839 quein
2480 776 2624 840 typis

269 836 522 887 ediderunt
553 837 882 889 Habrichius
917 839 976 889 in
1012 838 1146 891 libro
1181 840 1274 904 qui
1308 840 1644 895 intitulatur:
1698 841 1839 893 Jura
1886 844 2157 907 primaeva
2192 844 2483 908 Moraviae,
2518 844 2628 897 Do-

272 904 444 960 bnems
475 908 534 959 in
567 907 932 961 Monumentis
967 908 1234 972 historicis
1265 910 1518 961 Boemiae
1552 911 1647 963 IV.
1686 925 1795 961 ecc.

1407 1080 1460 1147 1.

399 1251 827 1321 (Pi-{vilegium
863 1246 1031 1325 regis
1069 1252 1431 1311 wenceslai
1467 1253 1513 1309 Ι.
1551 1254 1615 1311 et
1648 1253 2001 1327 Premyslai
2037 1254 2469 1323 marchionis.)

416 1406 494 1473 In
537 1408 803 1473 nomine
845 1408 1116 1474 Domini
1163 1409 1270 1493 (B.
1316 1408 1587 1475 Domini
1631 1408 1887 1495 nostri).
1932 1408 2167 1477 Amen.

415 1495 550 1559 Nos
596 1493 1033 1561 Wencezlaus
1077 1496 1208 1562 Dei
1253 1498 1468 1581 gratia
1511 1519 1632 1562 rex
1674 1496 2031 1563 Bohemiae
2078 1506 2143 1561 et
2190 1496 2297 1585 (Β.
2344 1504 2410 1563 et
2456 1519 2623 1563 mar·

271 1581 426 1667 chio)
471 1582 828 1648 Moraviae.
878 1582 1206 1649 Omnibus
1253 1593 1665 1669 praesentem
1724 1585 2033 1671 paginam
2092 1585 2483 1673 inspecturis
2530 1606 2627 1649 sa-

262 1666 444 1734 lutem
486 1668 558 1734 in
601 1677 1010 1757 perpetuum.
2288 1702 2293 1708 ·

414 1754 584 1821 Cum
627 1754 868 1841 regalis
913 1756 1196 1841 dignitas
1242 1765 1308 1823 et
1350 1756 1657 1823 honestas
1688 1764 1869 1823 tanto
1894 1755 2275 1841 diligentius
2300 1758 2436 1822 suis
2461 1756 2621 1823 fide·

259 1841 412 1907 libus
456 1842 685 1909 adesse
731 1852 1050 1925 teneatur,
1096 1851 1342 1931 quanto
1391 1842 1797 1909 differentius
1844 1864 2002 1929 prae
2049 1844 2303 1926 ceteris,
2381 1844 2620 1931 quibus

257 1930 528 2015 regimen
576 1928 675 2011 (Β.
722 1928 1026 2017 regnum)
1075 1940 1270 2017 atque
1318 1930 1422 2013 (B.
1471 1928 1563 2015 et)
1612 1929 1873 1995 culmen
1917 1932 2160 1995 terreni
2202 1928 2475 1997 dominii
2528 1939 2627 1997 est

263 2014 578 2097 donatum,
628 2016 802 2081 clare
846 2013 1103 2103 praeful
1152 2025 1217 2083 et
1261 2016 1601 2103 dignitatis
1645 2017 1911 2081 nomine
1971 2025 2039 2080 et
2095 2016 2382 2083 honore:
2448 2015 2625 2083 unde

255 2124 360 2165 nos
446 2104 514 2167 ui
559 2112 932 2169 nostrorum
979 2102 1108 2169 fide
1137 2104 1271 2168 ium
1317 2124 1552 2169 cavere
1599 2102 1905 2169 volumus
1951 2111 2017 2169 et
2059 2110 2355 2169 tenemur
2378 2102 2627 2168 indem-

261 2190 431 2253 nitati
480 2210 562 2255 us
625 2197 690 2253 et
731 2189 1041 2277 periculis
1088 2191 1400 2273 onerosis,
1446 2212 1530 2255 ex
1573 2187 1985 2276 plenitudine
2044 2190 2298 2275 gratiae
2360 2197 2623 2255 nostrae

257 2284 312 2340 et
341 2274 584 2341 favoris
629 2275 717 2341 ad
762 2278 1140 2341 memoriam
1187 2277 1330 2343 fieri
1374 2276 1679 2343 volumus
1725 2278 2205 2363 sempiternam,
2230 2284 2363 2341 tam
2399 2278 2624 2343 viven-

253 2362 414 2429 tibus
457 2384 656 2450 quam
701 2363 994 2446 victuris,
1087 2362 1218 2429 uod
1264 2386 1383 2429 nos
1429 2364 1614 2465 regia
1658 2364 2041 2429 auctoritate
2071 2371 2297 2430 nostra
2321 2371 2385 2427 et
2419 2362 2628 2429 libera

255 2450 576 2515 voluntate
624 2448 878 2515 dilectis
922 2386 1177 2517 civibus
1221 2452 1462 2517 nostris
1507 2473 1575 2516 in
1622 2448 1882 2537 Iglavia
1915 2458 1979 2516 et
2014 2449 2342 2515 montanis
2381 2449 2623 2539 ubique

257 2536 318 2601 in
359 2558 560 2623 regno
607 2545 831 2603 nostro
877 2538 1265 2620 constitutis,
1313 2536 1591 2625 singulis
1616 2547 1681 2602 et
1713 2538 2057 2618 universis,
2097 2534 2454 2621 libertates,
2472 2538 2627 2621 jura

256 2644 366 2688 nec
408 2646 539 2688 non
588 2632 654 2687 et
697 2632 942 2689 statuta
985 2623 1390 2711 subscripta,
1449 2646 1570 2713 per
1628 2645 1795 2711 quae
1839 2622 2298 2711 tranquillitati
2344 2632 2411 2689 et
2452 2645 2625 2689 com-

262 2711 431 2775 muni
475 2709 746 2775 utilitati
805 2732 1030 2775 eorum
1099 2720 1164 2775 et
1205 2712 1354 2797 paci
1417 2711 1829 2775 decrevimus
1891 2708 2397 2797 providendum,
2463 2711 2627 2796 ipsis

255 2794 666 2861 nihilominus
710 2805 775 2861 et
818 2818 1040 2861 eorum
1087 2796 1458 2879 heredibus,
1505 2798 1995 2863 successoribus
2044 2796 2146 2881 (B.
2204 2795 2623 2881 successivis)

257 2890 314 2947 et
353 2884 648 2969 posteris,
692 2884 876 2969 regia
919 2882 1334 2970 providentia
1392 2891 1456 2949 et
1515 2882 1845 2950 hilaritate
1899 2882 2340 2967 concedimus,
2407 2880 2622 2947 indul-

257 2990 470 3053 gemus
519 2978 586 3035 et
631 2970 1112 3037 confirmamus.

410 3054 695 3143 Insuper
739 3078 886 3121 cum
929 3080 1050 3122 nos
1096 3055 1332 3122 dilecto
1354 3054 1490 3121 filio
1535 3065 1759 3122 nostro
1782 3053 2158 3120 Primizloni
2182 3053 2622 3145 principatum

258 3141 576 3209 Moraviae
623 3143 1124 3212 contulissemus
1170 3143 1272 3231 (B.
1319 3144 1757 3229 principatum
1804 3141 2354 3227 contulissemus),
2413 3136 2621 3206 dictos

257 3229 416 3297 cives
461 3238 528 3295 et
572 3236 920 3295 montanos
964 3240 1222 3297 nostros
1267 3230 1396 3295 sibi
1443 3239 1715 3315 paterne
1760 3229 2189 3312 donavimus,
2248 3237 2316 3293 et
2361 3228 2429 3291 in
2477 3250 2625 3315 gra-

256 3314 395 3379 tiam
439 3338 599 3381 suae
645 3316 980 3402 dignitatis
1027 3316 1298 3404 speciali
1344 3316 1714 3382 dilectionis
1759 3316 1998 3382 affectu
2040 3313 2409 3381 fideliteret
2441 3336 2624 3401 rega-

258 3399 393 3468 liter
451 3402 534 3467 de
595 3426 796 3473 manu
842 3402 927 3468 ad
971 3427 1237 3469 manum
1280 3404 1725 3469 >commisimus
1772 3401 2277 3480 conservandos,
2322 3411 2387 3466 et
2431 3424 2628 3489 super

259 3485 348 3553 his
387 3488 692 3557 omnibus
737 3490 1200 3556 confirmandis
1242 3498 1306 3555 et
1338 3489 1807 3555 conservandis
1850 3499 2265 3577 praesentem
2311 3490 2623 3575 paginam

262 3574 442 3661 sigilli
484 3576 689 3641 nostri
735 3578 1095 3642 munimine
1141 3575 1416 3643 fecimus
1462 3576 1778 3641 roborari.

411 3662 550 3730 Nos
596 3662 886 3728 Primicil
933 3663 1039 3751 (B.
1087 3662 1500 3749 Primislaus)
1548 3664 1678 3728 Dei
1700 3664 1913 3749 gratia
1935 3660 2223 3727 marchio
2259 3660 2617 3741 Moraviae,

264 3749 490 3833 regiam
550 3748 1064 3815 benivolentiam
1133 3759 1198 3814 et
1256 3750 1548 3816 favorem
1625 3751 1831 3835 patris
1906 3749 2130 3828 nostri,
2198 3746 2624 3810 illustrissimi

266 3837 417 3919 regis
462 3835 839 3918 Bohemiae,
885 3858 1044 3924 erga
1087 3859 1239 3902 suos
1284 3836 1514 3905 fideles
1583 3838 1759 3901 cives
1822 3844 1887 3899 et
1946 3843 2290 3899 montanos
2336 3843 2401 3897 et
2462 3854 2621 3919 erga

267 3918 407 3986 alios
449 3925 669 4004 regiae
717 3924 1023 4009 dignitati
1068 3922 1451 4011 obsequium
1501 3930 1925 4008 praestantes,
1987 3942 2143 3985 suae
2190 3918 2515 3985 voluntati
2562 3928 2627 3985 et

267 4009 621 4089 paternitati
713 4033 782 4074 er
839 4011 1061 4075 omnia
1121 4010 1540 4075 decrevimus
1592 4007 1861 4075 obedire
1923 4016 1988 4072 et
2043 4016 2455 4093 praesentem
2515 4028 2625 4093 pa-

267 4092 464 4174 ginam
508 4032 710 4181 sigilli
754 4098 962 4163 nostri
1005 4098 1368 4162 munimine
1412 4095 1689 4161 fecimus
1734 4094 2122 4179 consignari.

2134 4380 2321 4452 δ”

78 4975 330 5000 L-‘—.—·.
343 4997 348 5000 ,
355 4997 400 5000 -Ae
