3150 5017
1125 279 1608 344 -117—

333 1679 390 1756 §.
435 1677 494 1741 2.
559 1678 724 1742 Item
789 1679 843 1740 si
905 1679 1050 1763 quis
1111 1699 1299 1742 mons

183 1752 354 1822 alium
401 1772 693 1828 montem
741 1785 858 1850 per
904 1787 1138 1852 aquam
1181 1767 1298 1828 im-

183 1845 495 1931 pediverit,
531 1849 749 1934 judici
796 1851 1009 1915 tribus
1065 1850 1298 1916 diebus

183 1937 566 2011 pronuntiari
617 1935 846 2020 debet3
913 1937 1060 2002 illis·
1085 1937 1297 2003 tribus

184 2015 388 2085 diebus
431 2022 642 2086 finitis
705 2024 1064 2088 secundum
1101 2025 1296 2110 justi—

181 2103 314 2168 tiam
358 2129 544 2174 mons
589 2110 957 2196 impediens
981 2111 1293 2198 impedito

181 2195 362 2258 monti
403 2197 795 2282 resignetur.

329 2373 488 2450 §.-3.
535 2369 708 2435 Item
757 2373 810 2434 si
857 2372 1004 2457 quis
1049 2373 1116 2436 in
1143 2372 1295 2437 stol-

178 2448 307 2519 lone
350 2454 429 2520 de
475 2477 809 2522 consensu
845 2457 1093 2544 judicis
1119 2467 1184 2523 et
1207 2461 1295 2523 ci-

176 2538 332 2604 vium
375 2541 780 2609 laboraverit
811 2554 876 2609 et
921 2544 1296 2610 admensu-

178 2635 366 2692 ratum
411 2638 704 2695 montem
753 2633 892 2696 sive
917 2631 1180 2696 laneum
1207 2633 1295 2696 ci-

177 2713 332 2778 vium
376 2719 774 2800 pervenerit,
823 2728 888 2783 et
932 2718 1174 2784 ibidem
1203 2718 1295 2783 la·-

177 2794 455 2867 borantes
501 2804 857 2869 invenerit:
931 2807 1090 2870 sine·
1143 2825 1296 2870 con-

179 2904 348 2950 sensu
389 2890 687 2976 ipsorum
735 2911 867 2956 non
913 2891 1236 2957 transibit.

326 2979 380 3055 §.
423 2979 484 3042 4.
517 2972 609 3042 'Si
669 2985 884 3042 autem
950 2997 1294 3043 consense-

177 3057 304 3140 rint,
337 3061 419 3126 ad
451 3083 832 3129 mensuram
868 3066 1060 3130 unius
1095 3064 1296 3130 claf-

177 3151 288 3208 ter
313 3149 642 3230 transibit,
677 3151 860 3216 salvo
905 3153 1297 3239 tamen'jure

180 3251 316 3316 suo,
378 3235 696 3301 videlic-et
772 3247 1089 3324 quantum
1157 3240 1298 3326 ipse

179 3337 308 3382 cum
351 3323 632 3388 stollone
695 3345 812 3388 suo
858 3325 926 3389 in
973 3324 1164 3389 laneo
1211 3327 1298 3412 ci-

179 3404 336 3469 vium
409 3431 614 3496 super
685 3432 758 3475 se
836 3413 1158 3476 secaverit
1235 3419 1302 3475 et

179 3502 470 3574 quantum
521 3518 602 3561 eo
649 3498 814 3563 lucri
839 3496 1160 3580 babuerit,
1187 3497 1298 3561 ab·

178 3577 366 3644 solute
419 3581 695 3649 tenebit.

327 3672 382 3750 ἓ,
428 3671 490 3734 5.
539 3669 642 3734 Ita
688 3671 742 3734 si
789 3672 969 3756 prius
1013 3672 1080 3734 in
1107 3693 1296 3756 prae-

179 3749 330 3816 dicto
385 3754 582 3824 laneo
641 3757 842 3823 fuerit
903 3757 1292 3840 laboratum,

175 3835 234 3898 in
269 3839 472 3906 medio
505 3845 702 3908 etia-m
731 3843 903 3910 lanei
929 3865 1125 3930 super
1147 3866 1294 3930 pro·

179 3921 418 3992 fundius
481 3929 775 4012 sedebit,
851 3941 916 3996 et
983 3929 1293 4018 quicquid

179 4006 327 4074 lucri
369 4013 536 4081 ferro
585 4016 897 4082 mediocri
945 4017 1178 4084 subtus
1226 4039 1294 4082 se

181 4099 538 4166 contrahere
563 4105 820 4189 poterit,
849 4105 933 4169 ad
959 4125 1116 4170 usus
1143 4125 1293 4168 suos

184 4182 448 4270 cedet}
513 4195 570 4256 6.
639 4190 806 4256 Item
834 4193 886 4256 si
933 4191 1294 4278 burgenses

180 4275 570 4353 postmodum
595 4275 700 4342 vel
725 4280 1120 4364 quicumque
1139 4278 1291 4342 stol-

1582 455 1701 524 IV.
1772 458 2005 524 Modus
2048 461 2369 528 obtinendi
2406 463 2552 530 stol-

1409 540 1628 606 lonem.
1676 547 1738 626 ξ.
1790 548 1843 610 1.
1898 545 2045 612 Tali
2093 561 2309 616 autem
2358 550 2551 616 modo

1411 626 1603 692 stollo
1670 629 2105 699 hereditarius
2170 637 2284 722 jus
2360 659 2550 703 suum

1407 715 1765 781 obtinebit:
1826 717 1897 784 Si
1964 721 2177 786 cultor
2252 722 2553 790 stollonis

1408 802 1907 886 aquaeductum,
1934 808 2109 892 quod
2134 809 2329 895 volgo
2354 832 2414 874 w
2430 833 2469 875 a
2488 835 2551 875 z-

1407 911 1444 951 z
1461 909 1497 952 e
1515 911 1548 952 r
1565 913 1595 953 s
1617 911 1651 954 e
1671 891 1691 955 i
1708 913 1754 976 g
1768 913 1804 956 e
1844 891 2099 976 dicitur,
2134 897 2235 960 sui
2258 895 2553 962 stollonis

1407 975 1883 1044 rationabiliter
1940 980 2271 1064 elaboret,
2332 992 2398 1048 et
2457 984 2551 1048 fo-

1407 1083 1564 1127 veas
1608 1085 1761 1129 suas
1807 1064 2029 1132 debito
2075 1068 2269 1134 modo
2314 1091 2549 1156 purga·

1409 1151 1595 1223 verit,
1643 1160 1707 1216 et
1750 1151 1923 1218 infra
1967 1157 2124 1220 anni
2148 1157 2431 1241 spatium
2466 1157 2550 1222 ad

1408 1237 1839 1321 quantitatem
1920 1243 2111 1306 unius
2182 1263 2548 1326 mensurae,

1409 1323 1585 1408 quod
1612 1323 1919 1390 claffter
1943 1325 2201 1412 dicitur,
2233 1330 2302 1394 in
2336 1351 2413 1394 ca
2459 1331 2549 1396 ite

1407 1408 1710 1476 stollonis
1758 1413 1859 1476 sui
1884 1412 2302 1497 laboraverit,
2329 1425 2394 1481 et
2470 1438 2549 1481 oc

1407 1495 1857 1564 demonstrare
1929 1501 2205 1567 testibus
2271 1504 2545 1589 poterit:

1406 1592 1653 1648 extunc
1714 1585 2056 1652 stollonem
2120 1611 2311 1653 suum
2368 1590 2547 1654 omni

1395 1671 1548 1756 jure
1596 1669 1937 1738 obtinebit.
1998 1679 2059 1757 ξ.
2122 1676 2181 1750 2.
2252 1675 2443 1758 Item,
2490 1676 2545 1741 si

1387 1758 1552 1842 ‚quis
1599 1779 1787 1824 mons
1832 1759 2033 1826 alium
2096 1770 2381 1827 montem
2428 1785 2546 1850 per

1405 1865 1647 1929 aquam
1715 1847 2154 1933 impediverit,
2206 1850 2421 1936 judici
2480 1859 2547 1914 et

1405 1931 1721 2014 magistro
1766 1935 2005 1998 montis
2050 1935 2261 2000 tribus
2310 1935 2545 2000 diebus

1404 2018 1713 2083 continue
1757 2022 2265 2105 pronuncietur3
2304 2021 2545 2108 quibus

1397 2103 1621 2186 finitis,
1668 2107 1724 2169 si
1769 2127 1901 2170 non
1964 2107 2162 2173 fuerit
2220 2109 2543 2194 intercep-

1397 2200 1557 2273 tum,
1607 2213 1795 2257 mons
1826 2193 2193 2279 impediens
2225 2194 2542 2280 impedito

1397 2279 1605 2343 monti
1648 2283 2105 2366 approprietur
2148 2281 2400 2365 justitia
2442 2303 2543 2346 re-

1400 2367 1718 2452 quirente.
1763 2371 1827 2448 ξ.
1876 2368 1936 2432 3.
1964 2367 2149 2433 ‘Item
2196 2369 2251 2434 si
2297 2369 2445 2470 quis
2470 2369 2540 2433 in

1400 2451 1675 2516 stollone
1754 2455 1834 2518 de
1909 2475 2235 2520 consensu
2300 2455 2543 2540 judicis

1399 2539 1645 2602 civium
1696 2550 1761 2604 et
1806 2543 2102 2626 magistri
2126 2544 2367 2608 montis
2402 2543 2542 2608 sive

1399 2628 1791 2711 porrectoris
1816 2637 2147 2693 meatuum
2202 2627 2541 2694 laborave-

1398 2713 1503 2793 rit,
1549 2712 1725 2778 etad
1758 2724 2206 2780 mensuratum
2228 2724 2538 2798 montem,

1401 2801 1540 2864 sive
1589 2798 1674 2862 ad
1717 2799 1984 2865 laneum
2031 2803 2276 2866 civium
2306 2823 2540 2890 perve-

1401 2887 1591 2965 nerit,
1638 2895 1702 2950 et
1744 2886 1989 2953 ibidem
2016 2887 2421 2954 laboratores
2444 2890 2539 2954 in-

1399 2972 1689 3038 venerit:
1738 2975 1879 3038 sine
1926 2996 2251 3040 consensu
2312 2996 2538 3040 eorum

1401 3081 1534 3123 non
1579 3061 1909 3125 transibit.
1958 3065 2015 3144 ξ.
2077 3064 2138 3127 4.
2204 3062 2272 3128 Si
2318 3071 2539 3128 autem

1401 3149 1871 3229 consenserint,
1898 3147 1982 3212 ad
1999 3169 2369 3214 mensuram
2398 3151 2537 3214 uni-

1401 3255 1478 3297 us
1521 3232 1865 3300 lacbter
1908 3243 2217 3318 transeat,
2243 3236 2424 3302 salvo
2444 3247 2537 3302 ta-

1403 3341 1552 3383 men
1590 3320 1745 3406 jure
1791 3342 1931 3402 suo,
1977 3321 2283 3388 videlicet
2334 3345 2538 3410 quan-

1401 3416 1538 3471 tum
1586 3407 1725 3492 ipse
1767 3409 1837 3472 in
1882 3408 2074 3474 laneo
2120 3411 2361 3476 civium
2387 3433 2537 3476 cum

1403 3493 1685 3558 stollone
1731 3516 1847 3560 suo
1894 3517 2093 3582 super
2116 3499 2453 3579 secaverit,
2473 3508 2540 3563 et

1404 3588 1721 3667 quantum
1770 3603 1847 3646 eo
1880 3581 2049 3649 lucri
2090 3582 2537 3667 habuerit,ab-

1405 3665 1618 3732 solute
1662 3668 1927 3734 tenebit.
1974 3673 2035 3752 ξ.
2060 3670 2120 3736 5.
2146 3669 2249 3735 Ita
2273 3671 2328 3734 si
2382 3671 2537 3736 'rius

1397 3755 1468 3819 in
1511 3755 1848 3840 praedicto
1892 3755 2083 3822 laneo
2129 3757 2325 3824 fuerit
2380 3757 2533 3824 abo-

1398 3850 1634 3924 ratum,
1667 3843 1735 3905 in
1769 3842 1985 3907 medio
2003 3845 2199 3908 etiam
2216 3844 2389 3910 lanei
2424 3867 2533 3910 su·

1399 3950 1519 4017 per
1556 3927 1951 4014 profundius
1970 3931 2239 4012 sedebit,
2274 3940 2341 3996 et
2356 3933 2535 4019 quic-

1401 4014 1556 4102 quid
1605 4015 1771 4080 lucri
1814 4015 1987 4082 ferro
2034 4016 2345 4084 mediocri
2383 4018 2532 4085 sub-

1399 4113 1503 4167 tus
1549 4123 1620 4166 se
1683 4102 2069 4168 contrahere
2128 4107 2388 4190 poterit,
2449 4105 2534 4172 ad

1399 4209 1556 4253 usus
1604 4210 1757 4254 suos
1804 4189 2007 4254 cedet.
2056 4193 2116 4272 §.
2164 4192 2221 4256 6.
2266 4191 2432 4258 Item
2478 4196 2532 4258 si

1398 4274 1759 4360 burgenses
1821 4275 2236 4363 postmodum
2315 4280 2532 4346 stollo-
