3150 5017
1272 305 1351 330 ·—
1440 279 1740 348 229—-

301 443 642 542 judicium
688 447 823 522 non
868 471 1196 542 cogemus,
1256 479 1379 522 nec
1424 459 1620 522 etiam
1668 457 2074 530 inducemus,
2119 457 2248 522 nisi
2293 477 2412 544 per
2453 457 2693 524 bonam

309 541 727 609 voluntatem
750 542 859 608 -ab
903 544 1048 630 ipso
1089 542 1312 610 valeat
1357 542 1658 610 obtineri.

487 629 637 696 Hoc
681 638 897 695 autem
947 638 1139 696 cauto
1187 630 1557 717 specialiter
1606 642 1672 697 et
1717 651 2045 717 expresse,
2092 630 2268 718 quod
2306 632 2418 720 jus
2464 642 2530 698 et
2573 653 2690 721 po-

310 724 523 781 testas
570 716 935 782 arbitrandi
982 739 1181 804 super
1225 718 1403 782 dicta
1446 726 1622 784 terra
1680 718 2059 804 Opaviensi,
2121 717 2297 804 quod
2341 717 2449 785 vel
2495 741 2691 807 quam

319 824 445 868 nos
494 812 562 868 et
606 803 819 868 dictus
866 803 1002 868 dux
1063 803 1427 870 Nicholaus
1488 803 1788 871 dedimus
1849 804 1930 870 de
1975 805 2152 870 bona
2195 804 2534 872 voluntate
2580 807 2696 872 do-

316 892 499 955 mino
545 890 898 977 Rudolpho
946 893 1362 956 serenissimo
1422 893 1868 958 Romanorum
1916 893 2078 978 regi,
2141 893 2479 958 carissimo
2525 895 2696 978 patri

309 987 574 1056 nostre,
655 999 773 1080 per
845 986 1225 1063 praesentes
1301 981 1721 1044 concordiam
1792 990 1859 1044 et
1951 981 2416 1066 promissiones
2487 979 2696 1046 nulla-

312 1072 511 1130 tenus
556 1065 867 1141 irritetur,
912 1064 1027 1130 sed
1073 1064 1331 1131 stabilis
1376 1069 1602 1152 vigeat
1647 1065 1883 1132 robore
1920 1066 2264 1150 firmitatis,
2311 1076 2379 1131 et
2421 1067 2478 1132 si
2519 1066 2693 1132 infra

306 1151 730 1239 praedictum
780 1161 1038 1240 tempus
1083 1173 1229 1218 cum
1280 1153 1543 1218 domino
1601 1153 1684 1218 N.
1733 1153 1898 1218 duce
1956 1172 2089 1217 non
2136 1152 2502 1219 faceremus
2547 1175 2690 1240 gra·

306 1241 492 1320 tiam,
540 1246 607 1304 et
647 1259 772 1305 >nos
818 1259 966 1304 cum
1018 1238 1193 1304 dicto
1254 1240 1521 1305 domino
1581 1241 2026 1306 Romanorum
2085 1261 2239 1325 rege
2298 1239 2472 1304 infra
2515 1241 2688 1306 idem

309 1333 574 1412 tempus
620 1347 751 1392 non
800 1327 1213 1411 contingeret
1258 1329 1634 1408 convenire,
1694 1326 1902 1394 liceat·
1954 1326 2165 1392 eidem
2227 1326 2492 1392 domino
2551 1329 2690 1413 regi

302 1433 503 1500 super
550 1413 727 1478 dicta
772 1423 947 1478 terra
992 1413 1448 1502 praesentibus
1494 1414 1849 1479 concordia
1908 1413 2014 1479 vel
2073 1415 2507 1500 promissione
2554 1435 2686 1480 non

304 1499 743 1579 obstantibus,
790 1509 983 1586 prout
1028 1499 1153 1565 sibi
1202 1502 1414 1566 visum
1462 1502 1680 1578 fuerit,
1726 1501 1933 1566 libere
1977 1502 2302 1566 arbitrari.

483 1586 625 1653 Sub
668 1587 801 1653 fide
846 1607 1107 1675 quoque
1153 1596 1347 1675 atque
1394 1586 1885 1654 conditionibus
1929 1589 2372 1674 promittimus
2433 1597 2682 1673 praeta-

300 1675 500 1756 xatis,
548 1674 723 1760 quod
771 1675 823 1738 si
873 1694 993 1743 nos
1020 1677 1245 1750 nostri,
1293 1675 1469 1762 quod
1500 1675 1692 1757 absit,
1741 1675 2009 1740 honoris
2051 1676 2466 1740 immemores
2512 1675 2687 1739 infra

299 1761 667 1846 praefatum
700 1768 975 1848 ‘te-pus
1019 1762 1265 1828 dictum
1314 1763 1547 1826 ducem
1595 1762 2007 1848 N(icolaum)
2049 1760 2132 1826 de
2172 1781 2460 1848 persona·
2497 1783 2685 1849 cape·

298 1869 544 1930 remus,
588 1856 703 1912 aut
744 1856 919 1916 terra
963 1843 1343 1936 Opaviensi,
1390 1851 1662 1915 civitate
1708 1849 1813 1914 vel
1860 1847 2254 1929 civitatibus,
2319 1857 2532 1914 castro
2576 1847 2683 1914 vel

297 1936 557 2018 castris,
605 1936 974 2001 munitione
1020 1937 1127 2002 vel
1174 1935 1669 2017 munitionibus,
1717 1956 2127 2023 quocumque
2169 1936 2368 2000 'modo
2414 1934 2680 2000 destitu-

298 2040 558 2087 eremus
584 2022 689 2087 vel
718 2025 1124 2109 privaremus
1147 2022 1446 2099 eundem,
1496 2032 1559 2088 et
1601 2045 1817 2088 coram
1866 2021 2230 2086 illustribus
2276 2021 2684 2109 principibus

298 2108 582 2174 dominis
607 2109 958 2195 H(enrico)
1008 2111 1381 2175 marchione
1410 2111 1730 2176 Misnensi
1778 2119 1845 2176 et
1868 2109 2191 2176 Orientali
2217 2118 2284 2175 et
2303 2109 2676 2196 H(einrico)

299 2195 470 2262 duce
513 2197 839 2262 Bavariae
887 2196 967 2268 de
1012 2218 1335 2262 consensu
1396 2202 1736 2285 utriusque
1797 2207 2090 2262 nostrum
2151 2196 2237 2261 ad
2282 2196 2407 2261 hoc
2441 2193 2682 2283 judici-

295 2281 428 2347 bus
492 2285 753 2350 statutis
818 2293 884 2348 et
942 2284 1281 2368 ordinatis,
1343 2285 1627 2350 convicti
1675 2284 2004 2350 mediante
2045 2285 2303 2368 justitia
2347 2283 2683 2360 fuerimus,

291 2392 421 2435 nos
467 2371 761 2458 praefato
806 2369 959 2444 duci
990 2380 1384 2458 xpraesentes
1431 2372 1900 2459 promissiones
1946 2370 2051 2436 vel
2121 2393 2206 2438 ex
2251 2372 2346 2436 eis
2389 2368 2678 2457 aliquam

291 2455 584 2523 violasse
631 2457 737 2523 vel
800 2480 933 2524 non
982 2458 1352 2540 observare,
1415 2466 1483 2524 et
1524 2460 1594 2524 in
1640 2461 1941 2541 termino,
2049 2459 2118 2522 ui
2163 2457 2355 2523 nobis
2400 2480 2440 2522 a
2485 2478 2674 2546 prae·

290 2543 494 2610 dictis
560 2546 894 2632 praefixus
966 2545 1162 2610 fuerit
1221 2545 1585 2633 judicibus,
1653 2547 1951 2634 praefato
2059 2547 2166 2610 uci
2229 2545 2312 2614 N.
2374 2544 2454 2612 de
2521 2545 2682 2633 ipsis

289 2629 653 2697 violatione
732 2632 832 2700 vel
896 2629 1352 2701 observatione
1414 2635 1707 2720 ipsorum
1761 2633 2090 2720 judicum·
2124 2632 2466 2699 arbitrium
2530 2652 2677 2698 con-

294 2717 569 2804 dignam
618 2720 1131 2785 satisfactionem
1195 2742 1327 2785 non
1392 2718 1907 2801 exhibuerimus,
1970 2719 2078 2784 vel
2123 2719 2290 2786 forte
2336 2719 2676 2806 praedicto

289 2805 450 2870 duci
526 2805 607 2872 N.
686 2815 799 2871 aut
874 2807 1411 2893 procuratoribus
1470 2809 1609 2871 suis
1671 2808 1980 2894 legitimis
2041 2827 2258 2872 coram
2320 2805 2674 2892 praedictis

280 2891 627 3043 jutllicibus
658 2892 983 2960 nollemus
1030 2894 1111 2960 de
1147 2894 1407 2980 justitia
1451 2895 1884 2980 respondere:
1933 2903 2179 2960 extunc
2203 2892 2483 2978 subjecti
2529 2913 2674 2959 esse

286 3001 377 3056 vo
410 3001 597 3046 umus

472 3065 933 3154 (abbreviatum
1008 3081 1064 3136 et
1130 3069 1496 3156 confmum:
1558 3078 1624 3134 et
1699 3078 1928 3136 contra
2005 3077 2070 3132 et
2134 3088 2335 3156 supra
2410 3068 2670 3154 (usque)

340 3155 733 3220 romittimus
792 3156 987 3225 etiam
1044 3156 1166 3234 sub
1274 3155 1584 3222 raedictis
1646 3155 2149 3239 conditionibus,
2195 3163 2546 3241 antequam
2591 3155 2674 3244 sit

283 3177 673 3328 feci-ibatur)
719 3251 784 3307 et
828 3241 1027 3310 fuerit
1066 3244 1224 3308 satis
1252 3241 1507 3396 actum&

466 3328 928 3397 Promittentes
989 3327 1205 3396 eidem
1251 3330 1403 3396 duci
1512 3379 1525 3394 .
1572 3329 1750 3396 bona
1814 3327 1964 3412 fide,
2025 3328 2201 3416 quod
2263 3329 2316 3396 si
2377 3326 2670 3415 praedic-

285 3425 505 3482 torum
570 3417 941 3503 principum
1004 3427 1155 3483 ante
1199 3417 1439 3484 festum
1486 3416 1660 3485 beati
1705 3417 1747 3482 J
1750 3415 2027 3482 ohannis
2075 3416 2414 3503 Baptistae
2459 3416 2669 3502 primo

284 3504 637 3575 venturum
704 3502 953 3570 litteras
1014 3503 1474 3585 obtinebimus,
1534 3526 1651 3591 per
1697 3525 1858 3591 quas
1905 3525 1974 3572 se
2013 3502 2278 3589 judices
2339 3501 2425 3568 ad
2483 3523 2669 3589 prae-

284 3590 467 3659 dicta
513 3580 804 3671 statuant
848 3600 914 3657 et
958 3589 1271 3678 obligent,
1318 3591 1494 3678 quod
1540 3590 1752 3657 eidem
1801 3591 1952 3656 duci
1995 3591 2101 3672 N„
2161 3611 2311 3656 cum
2356 3612 2474 3678 per
2516 3609 2664 3656 eum
2777 3604 2788 3616 ··

282 3679 587 3765 requisiti
633 3677 893 3760 fuerint,
940 3675 1227 3747 debeant
1274 3677 1354 3745 de
1398 3677 1590 3746 nobis
1636 3676 1949 3744 exhibere
1987 3679 2335 3764 justitiam.

340 3835 347 3845 ,
461 3765 725 3837 Deinde
772 3766 1213 3851 promittimus
1259 3767 1389 3832 fide
1434 3766 1626 3842 bona,
1689 3764 1865 3852 quod
1924 3766 1978 3830 si
2040 3787 2162 3829 nos
2206 3766 2432 3844 nostri,
2492 3761 2667 3852 quod

284 3849 457 3919 absit
489 3854 589 3937 (ut
614 3853 839 3940 supra)
860 3873 875 3918 :
901 3875 987 3921 ex
1008 3863 1167 3918 tunc
1196 3852 1480 3939 subjecti
1503 3873 1648 3918 esse
1673 3851 1978 3918 volumus
2002 3853 2667 3918 excommunicationi

287 3937 701 4024 dominorum
746 3937 1099 4025 Pragensis
1144 3949 1209 4005 et
1255 3941 1714 4008 Olomucensis
1760 3939 1978 4027 episco
2029 3960 2234 4020 orum,
2281 3947 2348 4005 et
2391 3947 2666 4026 utraque

284 4034 473 4092 terra
508 4026 899 4112 subjiciatur
920 4026 1364 4094 ecclesiastico
1388 4026 1756 4108 interdicto,
1805 4047 1936 4092 non
1961 4049 2000 4091 a
2050 4023 2350 4092 solvendi
2395 4048 2434 4090 a
2479 4047 2664 4114 prae·

284 4112 485 4196 dicta,
523 4115 1202 4194 excommunicatione
1263 4123 1329 4180 et
1387 4113 1682 4201 praefato
1765 4113 2114 4183 interdicto
2174 4115 2441 4178 minime
2500 4112 2662 4180 rela-

282 4201 529 4286 xando,
572 4201 702 4276 nisi
742 4201 930 4288 prius
976 4200 1191 4268 dictus
1236 4202 1375 4268 dux
1436 4198 1794 4267 Nicholaus
1840 4202 1981 4266 sine
2027 4201 2204 4267 omni
2249 4199 2540 4269 laesione
2584 4221 2664 4268 ac

285 4285 577 4376 dampno
600 4287 888 4360 libertati
904 4291 1301 4362 ,restituatur
1322 4289 1661 4375 pristinae,
1708 4287 1814 4355 vel
1845 4298 2020 4362 terra
2042 4289 2455 4376 opaviensis,
2501 4287 2662 4354 civi-
