3150 5017
600 278 733 325 nm.
757 277 867 325 π.
1540 243 1626 307 ss
1711 256 1844 321 404
1931 292 2014 307 -

1044 364 1051 375 ⁸
1326 358 1389 405 Ὗ

603 440 1000 495 mortuorum
1050 431 1309 515 judicis,
1376 432 1547 495 inter
1615 441 1833 497 cetera
1899 431 1993 495 sic
2065 430 2496 516 conscriptat,
2546 430 2677 513 „Ne
2719 428 2940 493 falsum'

600 527 827 583 contra
869 519 1243 603 proximum
1288 525 1473 581 tuum
1542 518 1721 582 dices
1780 518 2286 585 testimonium.“
2378 515 2737 581 Falsidicus
2778 517 2925 579 enim

600 606 785 671 testis
830 604 1041 669 tribus
1088 606 1387 691 personis
1430 615 1529 669 est
1599 604 1958 671 obnoxius.-
2043 604 2261 670 Primo
2327 604 2510 687 Deo,
2538 604 2721 697 cujus
2750 624 2923 755 prae-

602 692 877 757 sentiam
942 693 1378 775 contempnit,
1450 693 1563 778 qui
1629 693 1700 756 in
1768 692 2057 757 omnium
2125 701 2441 779 praesens
2511 698 2628 757 est·
2671 692 2744 778 ju
2791 692 2926 771 ici03

603 777 841 845 deinde
874 779 1111 863 judici,
1134 800 1326 865 quem
1351 779 1728 845 mentiendo
1753 778 1957 860 fallit3
2003 788 2332 865 postremo
2375 780 2724 854 innocenti,
2765 799 2932 865 quem

600 865 767 932 falso
810 866 1015 931 laedit
1056 868 1465 947 testimoni03
1512 888 1663 931 cum
1709 875 1984 953 uterque
2015 888 2162 931 reus
2205 876 2324 949 est,
2372 875 2437 932 et
2480 868 2594 953 qui
2628 868 2934 931 veritatem

602 953 906 1034 occultat,
953 962 1016 1018 et
1060 954 1173 1040 qui
1220 953 1623 1019 mendatium
1675 952 1852 1036 dicit,
1913 955 2071 1040 quia
2113 953 2226 1019 ille
2271 953 2581 1040 prodesse
2625 974 2754 1018 non
2794 951 2932 1033 vult,

602 1050 667 1106 et
711 1041 836 1106 iste
882 1062 1117 1105 nocere
1166 1038 1515 1106 desiderat.

750 1218 836 1297 §-
885 1215 945 1279 6.
1034 1214 1229 1279 Unde
1276 1214 1550 1299 dignum
1599 1222 1716 1296 est,
1765 1222 1838 1278 ut
1883 1216 1995 1301 qui
2061 1216 2127 1279 in
2191 1222 2288 1279 tot
2347 1214 2692 1279 manifeste
2752 1213 2933 1278 victus

600 1301 799 1365 fuerit
842 1299 1219 1386 deliquisse,
1265 1302 1486 1367 taliter
1528 1301 1860 1389 puniatur,
1908 1302 2083 1387 quod
2129 1300 2357 1366 saltem
2402 1303 2638 1365 timore
2661 1302 2796 1386 ejus
2833 1308 2936 1363 ter·

600 1390 765 1453 ritus
828 1408 962 1453 non
1024 1388 1219 1453 facile
1282 1390 1428 1475 quis
1496 1389 1565 1453 in
1625 1410 1987 1474 gravamen
2089 1389 2358 1456 alterius
2405 1388 2691 1475 proferat
2733 1386 2934 1453 falsum

599 1476 1065 1542 testimonium.

774 1566 832 1644 §-
880 1563 937 1626 7.
1026 1562 1115 1627 Et
1158 1561 1320 1627 haec
1386 1583 1602 1649 poena
1663 1562 1963 1627 similiter
2027 1564 2365 1627 immineat
2408 1571 2643 1628 testem
2691 1562 2938 1626 scienter

600 1646 983 1714 falsidicum
1016 1649 1425 1735 producenti,
1473 1659 1545 1715 ut
1590 1670 1753 1736 quos
1777 1672 1899 1735 par
1933 1649 2190 1715 facinus
2228 1650 2628 1736 coinquinat,
2675 1658 2738 1715 et
2759 1667 2938 1733 aequa

601 1737 865 1802 eosdem
912 1758 1127 1824 poena
1172 1736 1533 1823 similisque
1578 1742 1944 1801 comitetur.

770 1824 826 1909 ἓ.
891 1825 951 1889 8.
1040 1824 1200 1889 Jure
1245 1846 1401 1889 vero
1448 1832 1908 1889 montanorum
1969 1822 2293 1889 confessio
2337 1823 2512 1889 facta
2559 1844 2776 1888 coram
2819 1820 2934 1885 solo

587 1912 810 1997 jurato
870 1912 939 1975 in
985 1932 1375 1997 quacunque
1406 1911 1614 1975 ardua
1639 1932 1858 1994 causa,
1904 1911 2290 1975 sufficientis
2333 1912 2689 1975 testimonii
2737 1908 2938 1995 plenis-

592 1999 829 2063 simum
898 1998 1095 2063 habet
1152 1998 1389 2083 robur3
1436 2020 1630 2085 quam
1679 2006 2068 2085 potestatem
2127 1997 2348 2062 taliter
2392 1996 2790 2063 moderando
2832 2003 2934 2060 sta·

594 2086 859 2162 tuimus,
902 2094 975 2149 ut
995 2083 1200 2170 jurati
1246 2084 1464 2171 quoad
1509 2084 1846 2172 publicum
1873 2086 2158 2150 officium
2209 2107 2418 2161 suum,
2463 2083 2548 2149 ad
2598 2084 2768 2171 quod
2811 2090 2936 2147 sunt

592 2174 894 2255 instituti,
937 2180 1070 2235 tam
1108 2174 1176 2237 in
1223 2172 1648 2258 maniloquiO,
1697 2193 1892 2257 quam
1937 2174 2006 2235 in
2040 2172 2297 2259 Judicio
2327 2171 2686 2238 accusandi
2710 2171 2936 2259 plenam

593 2259 882 2324 habeant
941 2267 1349 2345 potestatem.

768 2351 828 2428 ξ.
876 2348 935 2411 9.
1028 2346 1159 2412 Sed
1220 2346 1482 2433 quando
1551 2348 1720 2411 sicut
1779 2346 2074 2431 privatae
2119 2367 2440 2433 personae
2486 2343 2570 2409 ad
2619 2345 2938 2411 dicendum

594 2434 1037 2498 testimonium
1085 2439 1551 2519 producentur,
1600 2441 1713 2497 aut
1757 2432 1965 2498 literis
2011 2432 2558 2498 testimonialibus
2601 2432 2937 2499 inscribun-

598 2528 725 2600 tur,
772 2542 945 2584 unus
991 2520 1169 2584 solus
1206 2522 1469 2605 juratus
1514 2519 1773 2606 plenam
1835 2542 1968 2585 non
2028 2518 2186 2587 facit
2243 2519 2722 2607 probationem,
2771 2522 2938 2604 juxta

594 2606 887 2692 regulam
934 2608 1385 2691 evangelicam
1417 2630 1663 2693 organo
1687 2608 2078 2672 Dominicae
2122 2609 2306 2673 vocis
2351 2608 2693 2673 emissam:
2743 2614 2845 2689 „ut
2881 2606 2934 2667 in

597 2715 707 2759 ore
754 2692 1029 2759 duorum
1076 2693 1185 2759 vel
1228 2696 1424 2759 trium
1495 2702 1624 2760 stet
1683 2716 1875 2759 omne
1936 2694 2274 2777 verbum,“
2339 2704 2404 2759 et
2471 2697 2828 2761 secundum
2866 2690 2935 2755 le-

598 2782 862 2867 gitimas
908 2783 1281 2846 sanctiones
1328 2783 1522 2847 unius
1568 2783 1755 2847 testis
1802 2782 2242 2847 testimonium
2279 2804 2410 2847 non
2459 2791 2558 2847 est
2605 2781 2930 2857 sufficiens,

595 2870 850 2934 etiamsi
896 2867 1274 2954 praesidiali
1322 2868 1732 2955 praefulgeat
1775 2868 2116 2954 dignitate.

607 3032 613 3041 .
768 2958 823 3041 ᾖ.
880 2958 973 3022 10.
1058 2955 1227 3021 Item
1273 2979 1395 3022 nec
1440 2957 1884 3021 testimonium
1939 2957 2134 3029 valet,
2183 2958 2237 3019 si
2282 2964 2482 3020 testes
2528 2954 2771 3041 singuli
2811 2958 2936 3017 sunt

596 3044 665 3106 in
712 3045 847 3107 suis
898 3044 1303 3108 testimoniis
1363 3043 1748 3129 singulares,
1798 3050 1912 3107 aut
1957 3045 2011 3107 si
2081 3043 2500 3130 deposuerint
2565 3064 2702 3107 non
2739 3039 2931 3125 jurati,

594 3131 1043 3215 cujuscunque
1089 3138 1295 3195 status
1342 3130 1443 3195 vel
1495 3130 1834 3215 dignitatis
1868 3132 2187 3213 existant3
2238 3131 2395 3217 quia
2443 3130 2679 3215 jurare
2721 3126 2934 3193 debent

594 3224 793 3281 testes
838 3238 957 3302 pro
1005 3226 1279 3304 utraque
1324 3226 1531 3304 parte,
1582 3240 1776 3303 quam
1823 3220 2040 3282 sciunt
2082 3219 2445 3298 veritatem,
2493 3224 2690 3303 prout
2733 3213 2932 3279 melius

597 3312 905 3389 poterunt
948 3304 1301 3369 recordari.

771 3394 829 3471 ξ.
880 3391 979 3455 11.
1069 3392 1393 3457 Nolumus
1454 3391 1650 3457 etiam
1713 3391 1792 3456 de
1839 3399 2074 3473 ceter0,
2122 3413 2235 3479 per
2301 3399 2520 3477 partes
2565 3386 2928 3477 principales

598 3476 705 3543 vel
751 3500 869 3563 per
913 3477 1267 3543 advocatos
1314 3502 1538 3544 eorum
1586 3486 1699 3541 aut
1743 3501 1860 3564 per
1905 3478 2100 3543 aliam
2140 3498 2596 3565 quamcunque
2620 3493 2930 3564 personam

596 3572 797 3630 testes
844 3564 1215 3651 aliqualiter
1278 3565 1715 3647 subordinari,
1778 3565 2204 3650 reprobantes
2264 3564 2448 3630 illam
2509 3560 2929 3631 detestabilem

598 3651 1144 3718 consuetudinem
1170 3701 1187 3735 ,
1269 3655 1400 3718 imo
1468 3654 1716 3739 ‚potius
1778 3652 2250 3755 corruptelam:
2325 3650 2637 3717 videlicet
2698 3645 2929 3737 quando

595 3746 793 3805 testes
837 3739 1374 3825 producebantur
1416 3742 1487 3806 in
1523 3739 1799 3827 judicio,
1847 3748 2059 3804 statim
2123 3738 2436 3825 petebant
2481 3737 2612 3803 sibi
2657 3760 2696 3802 a
2733 3733 2927 3822 judice

598 3825 993 3912 colloquium
1039 3827 1388 3913 indulgeri,
1434 3829 1520 3893 ad
1581 3827 1756 3914 quod
1792 3829 2047 3912 juratos
2094 3835 2158 3892 et
2205 3826 2364 3891 alios
2407 3824 2720 3905 homines,
2766 3824 2929 3909 prout

598 3914 757 4000 ipsis
781 3912 1049 4001 placuit,
1094 3916 1477 3997 invitarunt,
1523 3916 1704 4001 ipsos
1749 3935 1865 4000 per
1926 3914 2280 3979 advocatos
2343 3913 2547 3999 partis
2590 3909 2925 4000 producen-

596 4009 714 4082 tes,
761 4023 889 4088 quo
948 4002 1181 4067 melius
1251 4024 1367 4093 pro
1434 4004 1579 4089 ipsa
1649 4010 1833 4087 parte
1903 4001 2302 4087 deponerent
2367 3998 2792 4077 consulentes,
2837 3991 2926 4091 qu}

595 4096 753 4153 tunc
798 4109 946 4152 cum
991 4090 1132 4176 ipso
1181 4090 1497 4155 advocato
1520 4096 1722 4153 testes
1757 4087 2244 4154 subordinando
2271 4086 2532 4153 modum
2581 4080 2921 4173 proferemh

596 4178 1045 4242 testimonium
1091 4178 1160 4241 in
1206 4200 1338 4243 non
1386 4175 1710 4241 'modicum
1780 4175 2122 4260 gravitatis
2169 4174 2643 4261 praejudicium
2692 4174 2922 4236 invene-

598 4271 786 4341 runt3
856 4272 920 4329 et
986 4285 1133 4329 cum
1180 4273 1378 4330 testes
1424 4265 1762 4329 venissent
1806 4284 2024 4329 coram
2061 4262 2289 4349 judice
2324 4264 2467 4349 jam
2513 4257 2922 4327 testimonium
