3150 5017
1488 275 1923 382 ...92-ο

520 490 705 569 terit,
767 487 942 556 illius
967 489 972 496 '
1001 490 1412 578 querimonia
1469 512 1654 578 prae-

517 575 786 642 valebit.

693 926 812 990 XI.
861 927 988 1006 (De
1051 925 1436 1000 hereditate.)
1483 930 1545 1006 ξ.
1601 927 1655 990 1.

519 1014 686 1077 Item
733 1013 786 1076 si
833 1011 1070 1098 aliquis
1102 1012 1294 1076 homo
1327 1011 1655 1097 obligatus

521 1097 758 1164 debitis
801 1099 1096 1164 onerosis
1141 1098 1358 1181 alicui,
1405 1107 1470 1164 et
1522 1120 1655 1163 non

519 1185 770 1252 babens
814 1184 988 1250 unde
1032 1184 1246 1251 solvat
1267 1194 1524 1270 praeter
1547 1184 1655 1250 he-

519 1273 862 1337 reditatem
908 1295 1114 1354 suam,
1164 1281 1228 1337 et
1253 1274 1307 1337 si
1339 1272 1520 1338 illam
1545 1273 1655 1337 he-

519 1358 861 1425 reditatem
909 1359 1227 1444 obligabit
1285 1381 1404 1446 pro
1467 1359 1657 1425 dictis

521 1445 757 1512 debitis
803 1469 1020 1512 coram
1075 1446 1330 1532 judicio
1383 1447 1468 1510 ad
1513 1469 1656 1532 spa-

518 1535 680 1600 tium
727 1535 883 1598 anni
931 1543 997 1600 et
1041 1534 1189 1613 diei,
1236 1535 1378 1598 etsi
1404 1533 1661 1598 debitor

518 1629 678 1686 tunc
721 1642 858 1684 non
903 1621 1224 1686 exsolvit:
1271 1619 1554 1685 creditor
1573 1642 1661 1685 ex

519 1717 677 1774 tunc
693 1729 838 1772 eam
867 1728 1086 1772 coram
1102 1707 1358 1791 judicio
1380 1716 1485 1773 ter
1512 1729 1658 1793 pro-

522 1793 852 1859 clamabit.
873 1799 934 1876 §.
959 1793 1019 1859 2.
1043 1794 1131 1858 Et
1153 1795 1207 1858 si
1252 1802 1400 1880 post
1419 1795 1659 1859 trinam

519 1878 1100 1968 proclamationem
1194 1881 1453 1946 debitor
1525 1902 1653 1946 non

521 1966 906 2033 exsolverit:
953 1978 1182 2054 postea
1215 1968 1426 2052 judex
1479 1969 1659 2033 here·

437 2104 448 2108 -
521 2055 790 2120 ditatem
835 2053 1015 2119 illam
1079 2054 1382 2120 creditori
1439 2077 1657 2120 coram

510 2142 769 2228 judicio
843 2141 951 2207 vel
1019 2142 1352 2229 aliquibus
1417 2143 1659 2227 juratis

521 2228 725 2293 libere
771 2228 1154 2314 assignabit,
1187 2231 1299 2316 qui
1325 2251 1468 2294 eam
1502 2251 1657 2294 ven·

522 2315 676 2380 dere
721 2317 960 2402 poterit
1004 2315 1112 2380 vel
1175 2338 1504 2403 exponere
1563 2337 1660 2380 se-

523 2400 811 2466 cundum
845 2401 1282 2468 conditionem
1318 2411 1659 2489 praetaxa-

521 2497 679 2552 tam.
729 2492 788 2570 ἓ.
837 2490 899 2553 3.
945 2489 1034 2554 Et
1079 2491 1134 2554 si
1179 2488 1419 2575 aliquis
1464 2489 1659 2554 homo

449 2587 454 2589 ’
523 2583 876 2639 extraneus
952 2577 1022 2640 in
1098 2574 1322 2662 aliqua
1393 2577 1660 2640 civitate

523 2662 996 2746 querimoniam
1077 2664 1306 2728 fecerit
1364 2684 1483 2749 pro
1549 2663 1660 2727 he-

521 2746 796 2813 reditate
831 2747 1087 2836 aliqua:
1117 2771 1234 2836 pro
1259 2750 1468 2815 tribus
1493 2770 1661 2814 mar·

523 2835 618 2899 cis
661 2833 1078 2921 fidejussores
1123 2846 1342 2924 ponat,
1403 2846 1474 2902 ut
1505 2856 1659 2923 que-

523 2921 866 2988 rimoniam
915 2946 1100 2989 suam
1145 2933 1562 3012 exsequatur,
1596 2932 1661 2989 et

523 3007 578 3072 si
604 3007 934 3112 defecerit,
973 3011 1322 3098 culpabilis
1355 3034 1424 3076 m
1449 3011 1661 3076 tribus

525 3117 760 3160 marcis
806 3106 948 3160 ent.

1758 489 2056 571 astiterit,
2078 487 2253 554 illius
2278 487 2686 574 querimonia
2706 508 2890 574 prae-

1756 575 2035 661 valebit3
2084 577 2239 641 item
2286 575 2341 638 si
2377 573 2671 660 judicem
2714 573 2891 638 domi

1760 686 1895 728 non
1913 664 2257 744 invenerit,
2274 660 2391 727 sed
2402 682 2671 726 uxorem
2686 683 2891 744 suam,

1760 773 1879 838 per
1921 751 2065 837 ejus
2106 749 2551 815 testimonium
2618 749 2893 834 primam

1761 839 2233 927 querimoniam
2280 835 2621 903 obtinebit.

1891 925 2012 990 XI.
2044 927 2145 989 De
2174 923 2445 1010 obliqato
2462 924 2701 988 debitas.
2748 927 2807 1005 ἓ.
2836 923 2892 987 1.

1733 1013 1946 1090 Item,
1996 1013 2048 1076 si
2096 1012 2336 1098 aliquis
2357 1011 2550 1076 homo
2574 1010 2895 1095 obligatus

1762 1098 1999 1164 debitis
2042 1100 2336 1165 onerosis
2380 1097 2597 1180 alicui,
2621 1119 2756 1162 non
2786 1097 2895 1162 ha-

1766 1187 1927 1250 bens
1988 1185 2163 1250 unde
2223 1185 2436 1250 solvat
2480 1193 2741 1272 praeter
2786 1185 2893 1248 he·

1762 1271 2106 1339 reditatem
2154 1295 2359 1355 suam,
2406 1281 2471 1336 et
2496 1273 2549 1336 si
2579 1271 2765 1336 illam
2788 1271 2895 1336 he-

1762 1359 2105 1427 reditatem
2150 1359 2539 1447 obligaverit
2560 1381 2678 1446 pro
2702 1358 2897 1423 dictis

1764 1447 2003 1512 debitis
2040 1469 2259 1512 coram
2284 1445 2571 1530 judiciot
2606 1444 2893 1511 creditor

1763 1535 1975 1621 ipsam
2020 1534 2107 1599 ad
2151 1536 2434 1620 spatium
2495 1535 2693 1598 unius
2740 1534 2896 1597 anni

1764 1631 1831 1687 et
1892 1621 2021 1686 diei
2082 1620 2351 1701 tenebit,
2412 1629 2479 1686 et
2538 1623 2593 1684 si
2642 1620 2899 1684 debitor

1764 1716 1923 1774 tunc
1988 1731 2121 1773 non
2166 1707 2526 1773 exsolverit
2568 1706 2895 1791 obligata:

1765 1795 2050 1861 creditor
2110 1817 2195 1860 ex
2242 1804 2401 1860 tunc
2446 1816 2664 1860 coram
2720 1792 2895 1878 judi·

1764 1883 1866 1947 cio
1926 1894 2029 1948 ter
2098 1890 2163 1946 et
2222 1883 2290 1945 in
2352 1881 2561 1946 tribus
2629 1881 2897 1966 judiciis

1766 1969 2135 2034 successive
2158 1967 2608 2055 proclamabit.
2656 1973 2714 2050 ἓ.
2734 1968 2798 2033 2.
2816 1968 2899 2032 Et

1764 2058 1996 2140 sipost
2028 2055 2264 2120 trinam
2312 2055 2895 2142 procla-mationem
2987 2085 2991 2092 ·

1766 2141 2022 2208 debitor
2079 2165 2211 2206 non
2260 2142 2646 2208 exsolverit:
2683 2141 2898 2228 judex

1765 2229 2191 2294 hereditatem
2234 2228 2416 2294 illam
2442 2228 2749 2294 creditori
2798 2250 2897 2292 co-

1763 2339 1907 2382 ram
1942 2317 2195 2400 judicio
2240 2316 2346 2382 vel
2408 2315 2741 2403 aliquibus
2795 2317 2898 2402 ju-

1766 2405 1927 2469 ratis
1952 2402 2157 2468 libere
2180 2402 2561 2488 assignabit,
2609 2404 2723 2489 qui
2756 2423 2898 2467 eam

1766 2490 2052 2555 vendere
2097 2490 2335 2576 poterit
2395 2489 2502 2556 vel
2564 2508 2895 2577 exponere

1766 2577 2118 2642 secundum
2160 2577 2600 2642 conditionem
2638 2585 2893 2664 praeta·

1765 2673 2007 2728 xatam.
2100 2669 2157 2746 ξ.
2206 2666 2265 2728 3.
2316 2665 2480 2728 Item
2541 2664 2596 2728 si
2658 2664 2897 2750 aliquis

1763 2750 1958 2816 homo
2024 2761 2374 2816 extraneus
2417 2753 2487 2814 in
2530 2749 2755 2837 aliqua
2820 2751 2897 2813 ci·

1762 2840 1967 2902 vitate
2014 2839 2489 2924 querimoniam
2532 2836 2763 2902 fecerit
2788 2857 2897 2924 pro

1764 2924 2127 2990 hereditate
2187 2925 2439 3010 aliqua:
2506 2946 2625 3011 pro
2686 2924 2897 2990 tribus

1766 3012 2009 3076 mareis
2066 3010 2489 3098 fidejussores
2546 3020 2767 3098 ponat,
2830 3018 2897 3074 ut

1768 3100 2244 3186 querimoniam
2270 3119 2455 3163 suam
2480 3106 2896 3185 exsequatur,

1772 3194 1839 3252 et
1904 3187 1959 3250 si
2020 3185 2331 3251 defecerit
2388 3186 2458 3250 in
2514 3207 2635 3250 sua
2700 3205 2899 3250 causa

1772 3271 1878 3338 vel
1938 3295 2071 3338 non
2138 3273 2525 3359 exequendo
2616 3274 2893 3336 uei-imo·-

1770 3361 1967 3441 niam,
2014 3357 2360 3446 culpabilis
2406 3359 2475 3423 in
2498 3361 2583 3424 tri
2631 3380 2710 3422 us
2734 3381 2895 3423 mar-

1768 3447 1864 3511 cis
1909 3447 2051 3511 erit.
2144 3451 2205 3528 ξ.
2249 3447 2311 3512 4.
2356 3447 2519 3511 Item
2565 3447 2623 3511 si
2667 3445 2898 3532 aliquis

1769 3541 1957 3599 extra
2022 3534 2339 3598 terminos
2420 3531 2676 3618 regales
2743 3533 2897 3599 resi-

1768 3621 1932 3685 dens
1999 3621 2067 3684 in
2132 3621 2401 3685 civitate
2472 3627 2697 3684 nostra
2779 3641 2897 3707 pro

1768 3706 2009 3772 debitis
2077 3729 2277 3794 super
2333 3707 2619 3793 aliquem
2688 3707 2895 3792 queri·

1768 3796 2055 3858 moniam
2078 3795 2375 3875 moverit,
2420 3793 2596 3858 infra
2614 3793 2895 3858 triduum

1767 3879 1893 3946 sibi
1950 3881 2067 3945 fiat
2118 3879 2417 3967 justitiae
2462 3880 2895 3968 complemen—

1766 3975 1925 4054 tum.
1972 3971 2029 4049 ξ.
2064 3967 2123 4032 5.
2168 3966 2335 4037 Item
2362 3964 2583 4032 nullus
2610 3964 2893 4054 aliquam

1764 4053 2193 4119 hereditatem
2238 4052 2531 4138 obligare
2576 4053 2769 4119 alteri
2790 4049 2892 4118 vel

1764 4140 2100 4226 resignare
2158 4148 2435 4217 tenetur,
2494 4140 2622 4206 nisi
2682 4159 2895 4207 coram

1760 4227 1985 4311 judice
2046 4236 2111 4292 et
2159 4229 2435 4313 juratis3
2496 4228 2553 4292 si
2594 4247 2753 4294 vero
2797 4228 2894 4313 ju-

1652 4349 1659 4352 ·
1768 4315 1899 4382 dex
1965 4315 2229 4398 obierit,
2298 4314 2431 4381 alio
2478 4315 2895 4382 succedente:
