3150 5017
604 252 871 303 mav.
1550 234 2026 305 -405-

610 407 991 496 professuri,
1037 406 1133 472 eis
1176 426 1311 473 non
1354 404 1539 473 licuit
1585 406 1818 475 saltem
1863 408 2100 494 pedem
2161 408 2243 473 de
2287 408 2434 477 loco
2495 428 2775 489 movere,
2819 408 2959 473 alio-

652 495 768 560 uin
812 491 1304 585 repellebantur
1348 516 1388 559 a
1431 495 1806 569 testimonio
1851 504 2187 582 tamquam
2231 493 2506 581 indigni.
2591 496 2868 582 Insuper
2898 496 2961 561 in

659 580 890 647 ’cendo
964 583 1335 647 testimonio
1404 603 1484 648 ac
1547 583 1997 668 juramentum
2057 582 2353 669 parando
2428 581 2707 650 testibus
2783 584 2962 649 etiam

608 689 822 755 poena
892 668 1276 755 pecuniaria
1330 668 1751 753 imminebat,
1814 672 1907 735 ita
1981 669 2157 757 quod
2223 678 2492 759 propter
2566 690 2814 757 poenas
2881 671 2964 737 sic

608 755 1047 823 diversimode
1088 756 1507 823 imminentes
1551 756 1742 824 multi
1786 757 1926 826 veri
1969 766 2170 824 testes
2215 779 2287 824 se
2331 756 2417 823 ad
2481 756 2827 825 ferendum
2867 778 2964 822 ve-

608 843 819 909 ritatis
861 842 1308 909 testimonium
1352 843 1842 911 subtraxerunt.

600 998 603 1001 ,
781 934 843 1013 §-
893 931 990 996 12.
1082 930 1338 1013 Quibus
1398 931 1704 999 omnibus
1761 940 2096 1018 tamquam
2157 931 2453 998 abusivis
2511 930 2828 997 radicitus
2869 953 2966 997 ex-

605 1018 902 1105 stirpatis
933 1016 1105 1084 hanc
1148 1019 1321 1084 circa
1363 1026 1565 1085 testes
1610 1020 1922 1107 deinceps
1945 1018 2238 1106 regulam
2285 1020 2726 1107 praecipimus
2769 1017 2969 1083 obser-

606 1106 770 1189 vari,
830 1113 903 1173 ut
963 1105 1412 1173 subordinatio
1436 1173 1443 1181 ,
1469 1106 1657 1172 nulla
1715 1107 1871 1194 fiat3
1931 1116 1997 1173 et
2056 1108 2112 1172 si
2155 1128 2308 1194 pars
2351 1106 2724 1193 producens
2766 1114 2970 1187 testes,

608 1192 720 1259 vel
776 1193 919 1279 ejus
962 1192 1321 1260 advocatus
1364 1203 1615 1261 secrete
1675 1216 1825 1261 cum
1886 1194 2068 1282 ipsis,
2127 1204 2472 1281 postquam
2524 1193 2614 1259 ad
2667 1192 2969 1279 judicium

606 1288 950 1435 νοηοωὲιίτ,
994 1280 1347 1363 fabuletur,
1392 1282 1613 1347 statim
1674 1290 1746 1348 ut
1804 1283 2090 1369 suspecti
2136 1290 2326 1349 erunt
2384 1303 2426 1347 a
2466 1281 2844 1349 testimonio
2885 1300 2969 1347 re-

611 1388 851 1435 moven
924 1415 941 1431 .
2449 1430 2454 1435 .

782 1456 841 1543 ξ.
891 1454 991 1521 13.
1038 1456 1287 1523 Omnes
1332 1463 1537 1523 testes
1583 1463 1936 1543 antequam
1983 1456 2210 1525 dicant
2253 1455 2728 1539 testimonium,
2764 1454 2972 1541 jurare

613 1540 857 1609 debent
923 1543 1067 1609 sine
1110 1544 1291 1609 omni
1336 1564 1553 1631 poena
1597 1542 1708 1609 vel
1764 1565 1944 1625 vara,
2007 1553 2074 1612 et
2131 1566 2268 1611 rem
2313 1552 2570 1630 gestam
2613 1544 2764 1609 sine
2807 1564 2972 1629 prae·

612 1629 925 1695 meditato
971 1650 1271 1697 sermone
1306 1631 1521 1719 judici
1553 1630 1942 1719 simpliciter
1961 1640 1968 1645 '
1987 1652 2314 1706 enarrare,
2382 1653 2460 1699 eo
2507 1630 2692 1718 quod
2751 1630 2974 1696 veritas

613 1725 713 1783 est
781 1716 993 1783 amica
1061 1717 1517 1807 simplicitatis,
1585 1740 1710 1785 nec
1775 1721 2017 1787 veritas
2062 1721 2259 1787 etiam
2303 1716 2718 1787 adminicula
2757 1718 2970 1784 verbo-

620 1826 765 1871 rum
824 1802 1170 1871 desiderat.

786 1894 846 1975 ξ.
899 1892 997 1959 14.
1087 1891 1218 1959 Sed
1276 1891 1541 1980 quando
1602 1902 1798 1961 testes
1857 1894 2326 1980 praemeditate
2377 1892 2682 1969 ¹eundem
2765 1890 2974 1957 dicunt

612 2000 975 2046 sermonem
1036 1979 1443 2047 subordinati
1516 1980 1602 2046 ad
1645 1982 1982 2062 ·invicem,
2050 1981 2291 2047 falsum
2336 1987 2774 2067 praesumunt
2817 1980 2972 2045 testi-

611 2067 905 2133 monium
949 2065 1312 2153 perhibere,
1358 2077 1423 2135 et
1464 2067 1616 2134 ideo
1661 2070 1892 2135 merito
1937 2078 2091 2136 sunt
2132 2069 2532 2136 removendi.

785 2158 845 2237 §-
898 2154 998 2219 15.
1086 2154 1168 2220 In
1212 2153 1518 2221 omnibus
1561 2177 1718 2221 vero
1765 2156 2118 2243 praedictis
2156 2156 2418 2243 judices
2461 2165 2527 2222 et
2563 2154 2778 2243 jurati
2826 2155 2973 2219 sicut

612 2263 874 2307 suarum
920 2240 1199 2309 salutem
1245 2241 1529 2329 diligunt
1574 2243 1942 2310 animarum
1988 2253 2053 2311 et
2098 2242 2392 2311 favorem
2425 2252 2694 2309 nostrae
2741 2242 2970 2329 gratiae

616 2328 986 2405 observare,
1034 2350 1114 2395 ea
1155 2331 1552 2411 testimonia,
1597 2352 1766 2416 quae
1813 2332 2073 2398 veritati
2116 2332 2491 2397 invenerint
2518 2332 2802 2417 aptiora,
2845 2351 2970 2395 cum

614 2417 794 2483 omni
842 2416 1187 2501 diligentia
1232 2426 1662 2504 exequantur.
2657 2478 2668 2488 .

788 2506 851 2586 ἓ.
902 2506 1003 2570 16.
1062 2503 1193 2570 Sed
1237 2513 1457 2571 tamen
1516 2527 1666 2572 cum
1713 2506 1888 2572 circa
1933 2505 2186 2571 ma‘ora
2228 2506 2484 2571 cautius
2508 2506 2597 2572 sit
2639 2504 2972 2591 agendum,

617 2589 806 2657 nobis
849 2591 1066 2657 visum
1112 2598 1229 2669 est,
1273 2600 1346 2657 ut
1387 2592 1457 2657 in
1516 2594 1735 2659 causis
1796 2593 2030 2678 majori
2082 2615 2158 2660 us
2215 2601 2418 2660 testes
2475 2600 2732 2659 secrete
2794 2592 2974 2678 depo-

616 2686 780 2743 nant
841 2698 1059 2744 coram
1117 2678 1364 2764 judice,
1424 2682 1678 2747 notario
1732 2680 1970 2767 judicii
2038 2689 2103 2747 et
2167 2702 2299 2746 uno
2335 2681 2562 2765 jurato
2605 2700 2733 2766 per
2776 2688 2975 2766 partes

616 2766 1052 2834 communiter
1094 2766 1179 2831 ad
1222 2765 1385 2833 haec
1450 2766 1698 2853 electo;
1765 2767 1880 2833 sed
1942 2768 1998 2834 si
2055 2769 2126 2835 in
2188 2790 2390 2835 unum
2437 2768 2843 2833 concordare
2883 2788 2976 2831 ne·

615 2853 967 2940 quiverint,
1009 2860 1169 2918 tunc
1198 2856 1471 2941 quaevis
1517 2877 1672 2940 pars
1715 2877 1917 2921 unum
1964 2854 2184 2941 eligat,
2276 2856 2343 2922 ui
2400 2876 2534 2920 una
2578 2876 2732 2920 cum
2778 2854 2977 2940 judice

614 2948 815 3005 testes
877 2942 1259 3008 examinent
1315 2943 1383 3007 in
1430 2951 1704 3022 secret0‚
1749 2944 1842 3009 ita
1885 2942 2062 3030 quod
2106 2878 2272 3009 nihi‘l
2317 2940 2670 3009 obmittant
2715 2940 2799 3009 de
2845 2962 2976 3007 con-

614 3027 1041 3114 tingentibus,
1149 3050 1271 3095 uae
1316 3028 1404 3093 ad
1448 3030 1790 3095 veritatem
1833 3032 2164 3117 pertinent
2223 3028 2712 3095 declarandam.

788 3118 847 3198 §-
898 3116 997 3180 17.
1086 3050 1226 3181 fleo
1286 3116 1460 3183 dicta
1518 3118 1784 3183 testium
1846 3117 2284 3205 publicentur,
2345 3117 2474 3183 nisi
2517 3123 2744 3202 partes
2787 3116 2977 3203 primo

616 3201 910 3268 ulteriori
940 3202 1463 3269 renuntiaverint
1506 3203 1957 3289 productioni;
2006 3207 2061 3271 si
2105 3212 2323 3271 autem
2367 3204 2750 3271 renuntiare
2774 3202 2976 3270 nolue-

614 3290 745 3354 rint
808 3290 875 3353 in
942 3289 1234 3372 instanti,
1321 3312 1407 3357 ex
1485 3300 1646 3357 tunc
1689 3291 1862 3358 infra
1929 3292 2418 3380 quatuordecim
2489 3289 2628 3357 dies
2695 3292 2977 3378 proxime

616 3375 1089 3462 subsequentes
1111 3378 1333 3443 omnia
1377 3379 1786 3445 munimenta
1831 3388 1896 3444 et
1941 3380 2332 3446 documenta
2376 3377 2461 3443 ad
2491 3400 2676 3445 suam
2727 3400 2974 3444 causam

614 3464 1009 3549 pertinentia
1054 3463 1411 3531 exhibeant
1468 3468 1537 3529 in
1583 3464 1874 3551 judici03
1935 3465 2227 3554 alioquin
2271 3468 2412 3554 ipso
2458 3474 2795 3533 transacto
2839 3474 2976 3531 tem-

614 3571 771 3637 pore
794 3551 1101 3617 omnibus
1124 3551 1665 3637 productionibus
1708 3553 2096 3639 regulariter
2134 3556 2218 3619 sit
2262 3552 2674 3640 conclusum,
2713 3562 2783 3619 et
2824 3553 2979 3618 dieta

614 3639 987 3704 testimonia
1024 3637 1171 3704 aliis
1215 3638 1716 3727 probationibus
1759 3663 1978 3708 coram
2017 3639 2244 3729 judice
2296 3662 2374 3706 ac
2423 3641 2666 3727 J'uratis
2701 3642 2776 3706 in
2807 3660 2974 3727 prae-

616 3726 829 3791 sentia
876 3728 1155 3813 partium
1203 3726 1638 3814 publicentur.

786 3815 837 3899 §-
891 3816 991 3880 18.
1095 3814 1181 3879 Et
1245 3824 1597 3903 quaeratur
1657 3838 1696 3881 a
1755 3817 2071 3903 partibus,
2117 3816 2173 3881 si
2218 3814 2378 3883 velit
2437 3813 2663 3899 aliqua
2705 3812 2975 3901 objicere

615 3908 843 3967 contra
887 3900 1060 3967 dicta
1105 3904 1364 3969 testium
1413 3910 1479 3969 et
1524 3926 1872 3989 personas;
1917 3914 2075 3969 tunc
2114 3903 2418 3969 advocati
2461 3902 2747 3989 partium
2773 3922 2974 3968 coram

608 3987 832 4073 judice
878 3996 942 4054 et
978 3990 1217 4075 Juratis
1249 3990 1528 4058 doceant
1554 3989 1636 4057 de
1650 3992 1802 4077 jure
1826 4012 1943 4057 suo
1984 3992 2204 4056 anii'no
2223 3990 2546 4075 vigilanti,
2592 3997 2785 4073 prout
2823 3988 2972 4053 desi-

617 4075 849 4141 derant
915 4078 983 4139 in
1050 4100 1251 4143 causa
1320 4100 1439 4163 pro
1504 4079 1642 4144 suis
1717 4077 2048 4144 clientulis
2113 4076 2540 4163 triumphare,
2609 4082 2671 4139 et
2715 4097 2972 4161 quarum

611 4161 1119 4247 allegationibus
1198 4173 1263 4229 et
1335 4164 1527 4231 dictis
1593 4166 1855 4232 testium
1925 4164 2202 4250 aliisque
2263 4163 2684 4249 argumentis,
2753 4162 2972 4248 quibus

614 4251 857 4315 veritas
887 4248 1260 4317 evidentius
1305 4248 1698 4334 declaratur,
1734 4250 1996 4339 judices
2022 4260 2086 4317 et
2099 4250 2308 4337 jurati
2355 4258 2602 4317 motum
2648 4251 2749 4315 sui
2791 4247 2975 4315 animi
