3150 5017
1525 351 2005 418 -.-114-.-

1817 543 1955 586 sam
2022 541 2179 584 suae
2238 517 2572 584 absentiae
2654 517 2789 600 (vel
2836 517 2934 602 jus

1817 606 2039 691 suum)
2084 614 2346 671 tenetur
2388 603 2833 690 comprobare.
2877 602 2935 668 Si

1817 704 2032 760 autem
2116 691 2415 758 residens
2492 691 2690 756 fuerit
2770 698 2933 756 extra

1816 791 2029 846 terrae
2073 781 2407 860 terminos,
2452 778 2625 843 infra
2670 777 2773 842 Vl
2814 798 2932 861 sep-

1815 870 2097 932 timanas
2108 865 2579 953 protestabitur
2593 863 2933 950 legitimam

1816 975 2078 1020 causam
2106 952 2446 1018 absentiae
2486 973 2665 1031 suae,
2716 949 2935 1031 velius

1816 1063 2006 1106 suum
2040 1039 2284 1124 perdet,
2310 1041 2487 1105 omni
2511 1037 2716 1103 dubio
2734 1032 2937 1124 procul

1815 1137 2008 1193 moto.
2037 1126 2364 1210 §.3.Haec
2386 1135 2599 1190 autem
2636 1135 2792 1190 sunt
2809 1144 2937 1187 cau-

1816 1237 1947 1295 sae,
1994 1212 2231 1301 quibus
2279 1215 2635 1278 necessitas
2668 1212 2937 1298 legitima

1816 1302 2077 1389 probari
2146 1297 2440 1381 babetur,
2481 1301 2731 1386 primo:
2776 1297 2937 1362 Prin·

1816 1410 1971 1474 ceps
2005 1396 2221 1453 terrae
2265 1387 2369 1451 vel
2418 1395 2651 1472 potens
2688 1388 2917 1471 ejusca

1819 1477 2129 1540 merarius
2216 1475 2508 1560 impedit.
2624 1470 2936 1538 Secundo:

1812 1561 1995 1647 Ignis
2012 1562 2117 1627 vel
2135 1561 2731 1628 diluvium.Tertio:
2752 1561 2939 1625 Gene-

1815 1649 1973 1714 ralis
2008 1670 2245 1733 guerra
2280 1656 2620 1713 terrarum.
2673 1649 2935 1729 Quarto:

1816 1735 2181 1822 Captivitas
2225 1734 2330 1800 vel
2373 1734 2657 1821 spolium
2684 1732 2939 1799 infravi-

1815 1845 1920 1886 am
1949 1820 2345 1908 procedendi
2363 1822 2628 1886 factum.
2679 1822 2932 1904 Quinto:

1812 1907 2170 1974 Infirmitas
2183 1929 2315 1972 non
2332 1908 2505 1972 ficta.
2522 1906 2727 1973 Sexto
2746 1931 2761 1974 ι
2781 1907 2935 1972 Mors

1814 1996 2041 2061 ux‘oris
2063 1994 2392 2082 legitimae
2437 1995 2542 2060 vel
2587 1997 2814 2082 patris.

1900 2082 2103 2148 LXII.
2128 2083 2395 2146 Praeter
2414 2080 2578 2146 haec
2622 2081 2935 2168 praedicta

1816 2168 2135 2256 quidquid
2178 2169 2374 2252 jurati
2438 2169 2731 2234 civitatis
2782 2165 2931 2252 Igla·

1813 2259 1961 2320 viae
2006 2277 2125 2342 pro
2171 2254 2514 2320 commodo
2560 2264 2624 2320 et
2652 2253 2931 2342 profectu

1814 2344 2101 2407 civitatis
2182 2343 2557 2408 invenerint
2616 2351 2684 2407 et
2742 2338 2930 2427 prola·

1813 2439 1950 2494 tum
1997 2430 2064 2493 in
2104 2427 2357 2515 Judicio
2401 2427 2597 2494 vel-in
2624 2425 2929 2512 colloquio

1812 2515 2271 2580 confirmatum
2333 2514 2547 2598 fuerit,
2608 2524 2823 2580 ratum
2862 2509 2928 2574 ab

1820 2602 2123 2668 omnibus
2167 2610 2483 2668 teneatur.

1110 2791 1240 2858 (lv.
1286 2791 1445 2850 Jura
1481 2793 1786 2850 montium
1822 2793 1885 2847 et
1921 2793 2408 2858 montanorum).

746 2950 799 3012 Ι.
845 2945 1228 3029 statuimus,
1261 2953 1319 3030 ἓ.
1349 2951 1406 3014 1.
1432 2958 1506 3014 ut
1535 2951 1716 3034 quic-

573 3032 730 3120 quid
755 3031 1073 3098 urborarii
1093 3034 1173 3100 de
1220 3035 1497 3100 consilio
1533 3037 1715 3119 jura·

573 3131 786 3185 torum
849 3119 1317 3205 Iglaviensium
1366 3122 1431 3186 in
1481 3123 1713 3186 monti-

1995 2947 2047 3011 Ι.
2094 2949 2193 3010 De
2219 2951 2375 3032 jure
2418 2956 2851 3011 montanorum
2883 2949 2926 3002 et

1817 3035 2134 3098 montium.
2194 3034 2574 3114 statuimus,
2638 3038 2698 3116 ξ.
2770 3035 2821 3096 1.
2870 3035 2925 3090 ut

1818 3119 2130 3207 quicquid
2162 3119 2481 3185 urborarii
2546 3120 2627 3184 de
2673 3115 2922 3184 consilio

571 3207 695 3270 bus
714 3205 819 3271 vel
835 3208 906 3270 in
935 3229 963 3268 s
984 3206 1185 3275 tollo
1206 3230 1245 3270 n
1265 3207 1346 3302 sp
1367 3230 1407 3272 u
1428 3231 1458 3272 s
1484 3207 1711 3293 aliqui·
1807 3211 2175 3294 juratorum
2196 3206 2665 3292 Iglaviensium
2684 3209 2756 3270 in
2772 3225 2923 3268 mon·

573 3290 702 3357 bus
771 3295 1214 3360 concesserint
1258 3293 1365 3359 vel
1413 3293 1714 3360 dederint

575 3377 699 3444 sub
761 3378 976 3464 sigillo
1038 3403 1262 3445 eorum
1323 3390 1389 3445 et
1463 3379 1711 3446 urbari-

572 3486 792 3530 orum:
841 3476 1052 3530 ratum
1095 3465 1417 3531 habeatur
1460 3466 1711 3552 absque

571 3552 710 3616 ulla
755 3554 1155 3638 quaestione.

745 3643 806 3721 ξ.
851 3639 913 3702 2.
957 3639 1047 3702 Et
1091 3637 1490 3725 ubicumque
1523 3661 1711 3704 mons

570 3725 678 3791 vel
725 3725 919 3790 stollo
965 3727 1274 3790 inventus
1338 3724 1446 3789 vel
1492 3725 1707 3790 elabo-

570 3823 752 3876 ratus
787 3811 1018 3876 fuerit:
1045 3811 1124 3876 de
1154 3817 1303 3890 jure
1336 3811 1609 3876 habebit
1640 3814 1708 3876 in

573 3919 651 3964 eo
697 3899 874 3982 quod
922 3897 1158 3962 dicitur
1187 3896 1290 3960 ha
1314 3897 1566 3982 nghen
1593 3899 1707 3978 de,

570 3993 870 4070 quartum
922 3983 1275 4066 dimidium,
1313 3983 1600 4076 laneum²
1648 3996 1712 4049 et

569 4072 637 4133 in
686 4091 761 4134 eo
798 4069 969 4154 quod
1015 4069 1706 4156 diciturlighende‚

569 4169 772 4220 unum
822 4155 1104 4239 laneum,
1151 4159 1428 4224 altitudo
1463 4167 1527 4222 et
1562 4181 1706 4243 pro-

570 4242 847 4308 fundum
895 4244 963 4305 in
1011 4245 1266 4329 aequali
1314 4253 1582 4310 statura.

745 4333 810 4410 g.
858 4329 915 4393 3.
953 4327 1019 4393 Si
1047 4330 1194 4414 quis
1217 4342 1435 4394 autem
1464 4353 1703 4395 novum

1815 3294 1992 3358 tibus
2037 3292 2144 3356 vel
2191 3292 2579 3367 stollonibus
2618 3291 2922 3380 aliquibus

1815 3380 2261 3445 concesserint
2276 3379 2381 3443 vel
2406 3379 2801 3444 contulerint
2823 3373 2921 3439 sub

1814 3466 2029 3552 sigillo
2060 3487 2282 3530 eorum
2330 3475 2397 3531 et
2432 3466 2922 3530 urborariorum:

1813 3565 2022 3618 ratum
2103 3552 2422 3617 habeatur
2487 3552 2737 3638 absque
2808 3546 2921 3612 ulla

1814 3641 2215 3726 quaestione.
2266 3644 2326 3722 ξ.
2388 3641 2447 3704 2.
2510 3639 2597 3702 Et
2656 3639 2917 3703 ubicum-

1814 3749 1939 3812 que
1984 3747 2172 3791 mons
2217 3725 2323 3790 vel
2383 3724 2575 3790 stollo
2642 3729 2920 3790 inventus

1816 3811 1919 3876 vel
1967 3811 2341 3876 elaboratus
2384 3812 2600 3893 fuerit,
2662 3811 2743 3877 de
2790 3811 2918 3895 jure

1814 3897 2083 3962 babebit
2108 3900 2174 3962 in
2192 3920 2291 3979 ec,
2310 3898 2484 3985 quod
2505 3897 2745 3963 dicitur
2762 3897 2848 3960 ha
2862 3914 2915 3954 n-

1812 4007 1911 4070 gu
1933 4009 1975 4048 n
1999 3984 2039 4049 d
2060 4007 2094 4049 e
2114 4009 2149 4048 z
2208 3985 2580 4070 vulgaliter,
2642 3985 2819 4067 IHlf'2
2842 3979 2913 4042 la-

1814 4093 2030 4153 neum,
2049 4081 2115 4136 et
2129 4073 2195 4135 in
2216 4093 2312 4152 eo,
2338 4070 2514 4158 quod
2535 4072 2772 4136 dicitur
2800 4068 2850 4132 li
2867 4087 2913 4128 e-

1812 4157 2179 4242 gundez,
2225 4181 2427 4222 unum
2476 4157 2760 4239 laneum,
2799 4151 2912 4218 alti-

1814 4244 1972 4309 tudo
2016 4254 2081 4308 et
2124 4243 2519 4330 profundum
2570 4246 2636 4308 in
2684 4234 2912 4328 aequali

1814 4339 2081 4397 statura.
2131 4335 2189 4411 ἓ.
2252 4333 2312 4395 3.
2378 4330 2446 4396 Si
2516 4333 2663 4417 quis
2726 4336 2910 4393 autem
