3150 5017
1553 344 2027 408 -160—

599 527 666 582 et
729 537 928 602 super
976 515 1240 600 juribus
1297 515 1434 580 suis
1487 526 1859 600 respectum
1918 515 2259 581 habebunt
2302 516 2371 577 in
2418 515 2720 578 omnibus
2757 521 2815 577 et
2846 535 2925 577 re-

601 625 884 667 cursum.

773 688 966 767 Quod
1025 695 1243 751 autem
1305 708 1502 772 super
1559 687 1941 773 praemissis
2002 685 2227 750 nullus
2287 707 2599 768 processu
2661 686 2925 770 temporis

601 773 952 838 dubietatis
998 773 1103 837 vel
1151 773 1566 858 calumpniae
1612 773 1959 858 scrupulus
2018 783 2326 856 emergat,
2390 781 2795 856 praesentem
2845 791 2925 852 pa-

597 862 818 944 ginam
865 861 951 923 ad
995 859 1090 923 rei
1137 861 1513 923 memoriam
1559 861 2024 944 sempiternam
2070 859 2227 924 inde
2274 857 2600 923 conscribi
2644 858 2926 940 nostrique

603 945 805 1030 sigilli
843 947 1166 1030 jussimus
1211 946 1576 1009 munimine
1622 945 1935 1010 roborari.

771 1031 1016 1095 Datum
1063 1031 1238 1116 apud
1283 1031 1619 1094 Medericz
1664 1033 1733 1094 in
1758 1032 1865 1094 die
1886 1031 2407 1094 circumcisionis
2432 1030 2704 1094 Domini
2730 1077 2746 1110 ,
2790 1048 2925 1090 anno

595 1118 1066 1182 incarnationis
1113 1138 1270 1182 suae
1329 1116 1763 1198 MGCLXVI‚
1823 1117 2282 1202 praesentibus
2328 1115 2664 1199 Heydolfo
2708 1135 2929 1200 praepo-

598 1207 724 1268 sito
787 1203 868 1266 de
934 1204 1265 1287 Cremsyr‚
1329 1203 1755 1289 Heydenrico
1820 1203 2091 1284 decane,
2152 1205 2465 1286 magistro
2529 1201 2828 1266 Heinrico
2870 1197 2930 1260 de

600 1289 914 1352 Kalcowe
973 1290 1262 1370 custode,
1323 1291 1641 1354 canonico
1702 1291 1773 1352 in
1836 1289 2165 1372 Cremsyr‚
2215 1287 2521 1353 Conrado
2568 1287 2809 1352 notario
2848 1305 2929 1348 no-

603 1384 822 1524 stlro3b
863 1375 1159 1439 Arnoido
1225 1375 1552 1441 advocato
1622 1383 1841 1439 nostro
1910 1376 1979 1438 in
2050 1376 2361 1470 Cremsyr
2429 1384 2495 1438 et
2567 1373 2715 1438 aliis
2779 1393 2930 1456 quam

607 1485 648 1547 p
679 1483 778 1526 uri
826 1483 924 1526 us.

1752 1758 1853 1818 54.

738 1888 1054 1972 Literae
1109 1889 1549 1992 Premyslai
1604 1889 1703 1972 II.
1760 1912 1998 1994 super
2051 1890 2507 1994 privilegiis
2567 1891 2839 1974 civium

1141 2005 1148 2012 “
1547 1993 2045 2097 Egrensium.

1716 2136 1899 2198 1266.

819 2286 967 2338 Slavi
1001 2286 1222 2337 Bohemi
1261 2287 1476 2338 saeculo
1511 2288 1609 2338 IX.
1644 2289 1790 2353 ipsos
1829 2287 2005 2353 Ograe
2041 2288 2279 2338 fluminis
2316 2288 2499 2338 fontes
2536 2287 2849 2349 accolebant,
2884 2285 2936 2331 its

607 2362 669 2410 ut
719 2361 865 2421 regio
914 2357 1291 2421 posterioribus
1342 2358 1669 2422 temporibus
1718 2358 1897 2421 „regio
1946 2359 2139 2422 Egire“
2188 2357 2354 2417 ,dicta
2400 2357 2753 2411 Bohemorum
2803 2357 2934 2406 essen

609 2426 736 2475 inde
771 2426 918 2474 Slavi
954 2426 1010 2472 in
1047 2425 1290 2488 regiones
1327 2427 1521 2476 Moeno
1559 2427 1869 2490 adJacentes
1905 2442 2074 2490 usque
2111 2426 2182 2477 ad
2218 2427 2534 2476 coenobium
2582 2427 2843 2476 Milieense
2872 2435 2935 2468 ox-

610 2495 882 2544 cursiones
918 2493 1186 2543 faciebant
1221 2495 1321 2558 (cc.
1359 2509 1407 2544 a.
1445 2496 1601 2560 800);
1640 2497 1717 2545 ibi
1752 2496 1990 2544 vicinum
2026 2496 2329 2546 habuerunt
2348 2494 2669 2546 Tacholfum
2708 2492 2936 2556 „comitem

612 2563 678 2611 de
725 2561 996 2624 Boemia“,
1045 2562 1284 2612 Sorabici
1332 2563 1516 2612 limitis
1565 2563 1871 2625 custodem,
1932 2566 2050 2624 „cui
2104 2579 2235 2630 prae
2272 2564 2462 2614 ceteris
2500 2563 2784 2614 credebant
2823 2557 2937 2625 quasi

613 2631 799 2680 scienti
837 2630 982 2694 leges
1019 2635 1071 2680 et
1105 2631 1517 2682 consuetudines
1555 2631 1834 2682 Sclavicae
1869 2635 2093 2696 gentis.“

817 2697 1056 2748 Tachoifi
1105 2701 1430 2765 temporibus
1483 2703 1629 2766 regio
1683 2703 1789 2752 ista
1837 2701 2129 2752 Bohemiae
2184 2702 2431 2766 adempta
2466 2705 2521 2750 et
2554 2717 2719 2766 regno
2752 2701 2937 2750 Franco-

611 2783 727 2816 rum
765 2771 925 2886 aiglue
961 2767 1191 2818 dioecesi
1225 2770 1601 2820 Ratisbonensi
1636 2770 1893 2834 adjuncta
1928 2776 2023 2837 est,
2061 2772 2203 2822 unde
2225 2773 2388 2821 etiam
2412 2770 2709 2822 christiana
2732 2767 2939 2832 religiono

613 2841 695 2886 est
730 2838 802 2886 im
844 2840 953 2886 uta.

819 2905 1058 2956 Saeculis
1094 2907 1160 2968 X,
1197 2907 1276 2956 XI
1312 2912 1364 2956 et
1397 2908 1506 2956 XII
1542 2923 1714 2973 usque
1752 2907 1820 2958 ad
1856 2923 1993 2958 saec.
2032 2908 2184 2958 XIII.
2222 2909 2370 2972 regio
2408 2909 2733 2972 Egrensisin
2773 2905 2935 2956 dicione

615 2973 999 3024 Germanorum
1047 2976 1272 3036 mansit3
1330 2977 1673 3041 praefuerunt
1721 2979 1769 3026 ei
1816 2978 2043 3042 primum
2090 2978 2307 3026 comites
2344 2977 2571 3042 palatini
2610 2977 2675 3026 de
2711 2974 2938 3032 Vohburg,

611 3043 733 3092 dein
789 3058 929 3093 saec.
977 3044 1103 3094 XII.
1149 3058 1267 3093 eam
1317 3045 1545 3096 obtinuit
1591 3045 1892 3095 Fridericus
1946 3047 2201 3096 Sue-vicus
2260 3045 2420 3096 dueta
2478 3047 2536 3094 in
2592 3041 2939 3096 matrimonium

611 3112 887 3172 Adelaida‚
941 3127 972 3161 e
1017 3117 1174 3176 gente
1218 3115 1474 3163 comitum
1511 3114 1574 3163 de
1612 3115 1882 3179 Vohburg.
1951 3115 2251 3166 Fridericus
2285 3115 2329 3164 Ι.
2394 3116 2521 3180 imp.
2558 3115 2753 3180 Egram
2780 3113 2941 3165 scuriam

609 3196 765 3230 suam
802 3179 974 3246 (curia
1009 3186 1192 3231 nostra
1229 3183 1370 3246 apud
1405 3184 1582 3246 Egare
1622 3183 1797 3247 1179),
1833 3183 2111 3249 Philippus
2154 3199 2245 3235 rex
2282 3184 2555 3234 civitatem
2592 3198 2747 3237 suam
2774 3179 2939 3248 (civitas

611 3255 794 3299 nostra
829 3248 992 3316 Egra)
1047 3250 1309 3315 appellat3
1363 3250 1664 3302 Fridericus
1712 3252 1785 3301 11.
1834 3253 2137 3316 frequenter
2195 3252 2266 3301 ibi
2320 3255 2745 3303 commorabatur
2801 3245 2938 3314 (1213,

616 3321 768 3376 1214,
810 3318 1000 3382 1215);
1037 3319 1194 3368 annis
1229 3321 1633 3384 insequentibus
1671 3321 1943 3386 regionem
1998 3323 2290 3386 Egrensem
2342 3323 2515 3370 tenuit
2562 3319 2829 3372 conradus
2860 3312 2940 3364 Fri-

613 3387 776 3436 derici
811 3388 882 3436 11.
919 3387 1080 3450 filius,
1119 3388 1354 3438 Conradi
1391 3394 1565 3438 autem
1606 3389 1767 3456 filius„
1804 3391 2036 3440 sororius
2072 3390 2221 3440 ducis
2268 3391 2548 3454 Bavariae,
2604 3405 2653 3440 a.
2714 3389 2836 3438 1265
2866 3393 2944 3432 111¹st

613 3471 738 3506 cum
775 3455 906 3504 duce
941 3457 1206 3507 Bavarico
1245 3471 1363 3506 eam
1399 3458 1650 3521 possedit.
2366 3497 2369 3502 -

820 3525 1004 3576 Novae
1037 3527 1454 3576 necessitudines
1487 3528 1629 3578 inter
1664 3527 1858 3578 dictam
1893 3527 2163 3592 regionem
2198 3531 2253 3576 et
2288 3529 2427 3578 inter
2446 3527 2735 3588 Bohemiae
2764 3531 2943 3595 reg·an

611 3593 937 3644 intercedere
989 3599 1294 3659 coeperunt,
1351 3610 1513 3658 quum
1549 3611 1641 3646 rex
1676 3595 2027 3646 Wenceslaus
2080 3597 2142 3659 L,
2180 3592 2274 3659 qui
2324 3595 2699 3660 Cunigundam
2752 3591 2944 3652 Philipp1

611 3663 750 3728 regis
787 3661 952 3713 filiam
988 3677 1036 3715 a.
1077 3664 1208 3713 1207
1247 3679 1463 3713 uxorem
1501 3664 1749 3729 habebat,
1786 3680 1903 3715 eam
1956 3666 2225 3730 regionem
2275 3668 2531 3728 tanquam
2579 3666 2772 3716 uxoris,
2804 3660 2941 3710 dotem

613 3731 683 3781 ad
719 3747 776 3782 se
811 3732 1124 3797 vindicaret,
1160 3732 1302 3782 unde
1339 3735 1498 3782 etiam
1535 3733 1779 3798 Pi‘emysl
1820 3733 2079 3784 Otacarus
2115 3734 2187 3783 ΙΙ.
2224 3735 2459 3797 regionis
2494 3735 2746 3798 Egrensis
2780 3738 2943 3796 posses·

612 3804 816 3850 sionem
851 3801 1142 3865 repetebat,
1179 3806 1240 3851 ut
1275 3808 1495 3868 apparet
1542 3819 1607 3852 ex
1656 3803 1881 3868 epistola
1934 3801 2050 3866 ejus
2103 3803 2171 3852 ad
2222 3802 2566 3868 Rudolphum
2617 3803 2661 3852 Ι.
2707 3813 2869 3864 regem
2908 3806 2943 3840 8·

619 3873 752 3919 1276
795 3871 976 3920 missa.
1245 3872 1248 3874 ’

819 3939 1116 4002 Utcumque
1150 3953 1208 3988 se
1243 3953 1308 3988 ea
1341 3955 1424 3989 res
1461 3940 1667 4002 habuit,
1704 3939 1931 3989 Bohemi
1968 3940 2281 4004 Mox-avique
2316 3953 2366 3988 3.
2408 3939 2540 3990 1265
2600 3940 2817 4003 „Eg-ram
2841 3930 2937 4008 civ&

613 4009 778 4054 tatem
826 4021 947 4055 cum
982 4009 1093 4058 suis
1127 4008 1464 4072 pertiuentiis
1500 4009 1625 4058 duci
1662 4009 1924 4058 Bavariae
1961 4015 2012 4057 et
2048 4011 2245 4058 sororio
2296 4023 2409 4071 suc,
2448 4007 2557 4058 filio
2594 4004 2833 4065 Conradi,
2866 3999 2934 4048 filu

612 4073 868 4122 Friderici
903 4075 974 4126 11.
1011 4077 1274 4139 quondam
1309 4079 1645 4142 imperatoris
1664 4117 1677 4141 ,
1738 4077 1997 4127 hostiliter
2044 4077 2380 4128 abstulerunt
2424 4084 2477 4128 et
2528 4090 2647 4128 eam
2698 4089 2813 4125 cum
2856 4068 2937 4120 suis

612 4143 802 4193 ineolis
839 4145 1211 4206 possidendam
1245 4147 1360 4210 regi
1393 4149 1651 4198 Boemiae
1686 4145 2049 4197 tradiderunt“
2086 4145 2401 4210 (Pulkava).
2932 4200 2940 4210 ,

825 4211 1083 4263 Otacarus
1117 4215 1190 4264 II.
1227 4231 1317 4265 rex
1353 4231 1460 4265 non
1498 4221 1781 4267 cunctatus
1818 4221 1899 4265 est
1934 4217 2063 4278 quin
2098 4217 2428 4279 Egrensibus
2466 4227 2745 4277 eorumque
2776 4207 2943 4261 civitam

617 4279 767 4330 varia
793 4279 920 4344 jura
955 4282 1300 4347 confirmaret,
1339 4290 1398 4335 ut
1437 4285 1675 4351 diploma
1713 4283 1851 4348 quod
1886 4284 2037 4334 hicce
2074 4284 2385 4335 exhibemus
2436 4282 2769 4343 demonstrat,
2814 4283 2944 4338 neque
