3150 5017
1238 321 1708 412 ..227-

277 521 434 586 dum
474 521 589 608 jus
634 511 919 586 civitatis
966 527 1031 584 et
1078 519 1161 585 de
1202 519 1481 585 consilio
1535 521 1904 606 juratorum
1951 519 2274 600 civitatis3
2351 518 2433 584 de
2524 523 2663 583 rae·

268 610 541 695 'scriptis
586 615 804 672 autem
849 605 1013 671 nihil
1074 615 1419 694 attemptet
1478 625 1598 692 per
1642 628 1710 671 se
1749 605 2050 691 J‘udicare
2113 607 2256 671 sine
2301 623 2458 691 prae
2508 606 2665 670 icto-

274 711 423 760 rum
470 715 590 760 sex
625 695 997 780 juratorum
1056 693 1325 758 arbitrio
1384 701 1449 758 et
1492 694 1852 777 voluntate,
1921 692 2352 760 decernentes·
2408 693 2666 756 irritum

274 791 347 848 et
386 783 609 864 inane,
672 778 989 868 quidquid
1040 800 1169 867 per
1227 803 1375 846 eum
1437 789 1668 846 contra
1723 779 1849 846 hoc
1909 779 2196 846 edictum
2259 779 2454 845 fuerit
2488 779 2668 866 judi—

278 879 517 936 catum.
1669 884 1672 891 '
1751 879 1756 888 '
2023 889 2028 896 ·
2318 879 2322 888 '
2540 877 2544 884 '
2635 889 2640 896 ·

449 955 539 1021 In*
578 969 852 1042 quorum
918 961 1307 1020 statutorum
1370 951 1672 1020 stabilem
1733 955 2104 1020 firmitatem
2168 954 2445 1038 praefati
2512 953 2670 1018 anni

279 1043 479 1108 unius
518 1043 807 1129 spatium
872 1039 1345 1107 inviolabiliter
1402 1042 1805 1122 duraturam,
1889 1051 2299 1128 praesentem
2333 1041 2670 1129 'paginam

282 1130 727 1196 continentiae
795 1136 1038 1194 statuta
1096 1130 1339 1194 nostris
1400 1128 1699 1193 Zawissii
1725 1141 1732 1153 ·
1761 1128 1842 1194 de
1916 1176 1931 1192 .
1980 1180 1995 1196 .
2043 1180 2057 1194 .
2105 1176 2142 1211 .,
2202 1127 2503 1216 Jaroslay
2568 1126 2674 1210 de,

280 1214 679 1282 Sternberch
756 1217 1114 1301 pincernae
1201 1216 1559 1281 Bohemiae
1634 1223 1699 1280 et
1791 1217 2123 1302 purgravii
2231 1217 2302 1280 in
2400 1213 2664 1288 Vetbau

280 1303 808 1370 consiliariorum
854 1307 1246 1385 nostrorum,
1294 1311 1360 1368 et
1404 1304 1558 1390 quia
1617 1311 1762 1368 sex*
1806 1300 1968 1380 dicti,
2007 1303 2221 1387 'j'urati
2269 1300 2352 1368 de
2399 1300 2673 1367 consilio

280 1389 562 1456 aliorum
585 1391 833 1460 civium
858 1389 1290 1474 Pragensium
1337 1397 1403 1456 et
1446 1389 1785 1455 voluntate
1831 1411 1872 1455 a
1914 1389 2105 1454 nobis
2149 1390 2342 1455 electi
2385 1389 2672 1466 fuerunt,

278 1487 353 1544 ut
420 1478 729 1558 diximus,
790 1485 857 1543 et
922 1478 1080 1563 quia
1136 1475 1379 1542 hiidem
1432 1477 1639 1564 jurati
1699 1476 1906 1542 libera
1965 1476 2304 1543 voluntate
2362 1478 2674 1564 promise·-

280 1574 439 1636 runt
479 1563 691 1645 nobis,
738 1563 1063 1650 corporali
1095 1565 1407 1651 praestito
1446 1565 1843 1650 juramentO,
1889 1563 2122 1630 eadem
2168 1571 2410 1629 statuta
2455 1563 2675 1630 obser-

281 1673 441 1718 vare
484 1659 555 1716 et
597 1650 956 1720 efficaciter
990 1651 1208 1716 facere
1233 1651 1590 1732 observari,
1636 1651 2010 1736 praedictae
2035 1651 2323 1717 civitatis
2346 1658 2414 1717 et
2436 1659 2673 1719 eorun—

283 1739 433 1804 dem
480 1759 600 1804 sex
654 1739 1025 1824 juratorum
1088 1737 1322 1823 sigillis
1402 1738 1483 1804 de
1555 1739 1845 1823 ipsorum
1908 1737 2248 1803 voluntate
2309 1745 2674 1824 spontanea

284 1825 529 1891 muniri
574 1824 851 1891 fecimus
894 1827 962 1890 in
1006 1825 1452 1890 testimonium
1496 1826 1813 1890 veritatis.
2515 1888 2522 1896 ,

406 1954 411 1960 -
462 1913 705 1978 Datum
753 1913 1039 1998 Pragae,'
1064 1933 1241 1977 anno
1265 1912 1653 1976 Dominicae
1689 1910 2162 1976 incarnationis
2187 1911 2535 1978 millesimo
2561 1911 2676 1976 du-

284 1994 641 2064 centesimo
694 2008 838 2064 octo
887 2000 1090 2064 esimo
1150 2001 1447 2086 septime,
1526 1997 1736 2085 pridie
1795 1997 2020 2064 Nonas
2085 1996 2512 2086 Septembris,
2559 2019 2678 2086 per

284 2107 524 2152 manus
568 2085 852 2153 Wences
882 2087 944 2152 ai
991 2085 1467 2172 prothonotarii
1509 2086 1696 2172 regni
1743 2086 1966 2151 nostri.
2245 2103 2255 2110 ·

1432 2418 1534 2484 79.

460 2553 927 2643 Concordiae
980 2536 1163 2642 un'io
1218 2577 1457 2661 super
1508 2553 1966 2663 principatu
2019 2525 2524 2675 Oppaviensiss
2628 2535 2640 2551 ’

1262 2695 1710 2762 1286—1287.

504 2853 573 2906 A.
604 2869 655 2906 c.
679 2854 814 2906 1286
852 2851 994 2906 facta
1030 2856 1113 2907 est
1146 2853 1465 2906 concordiae
1500 2855 1632 2906 unio
1663 2855 1804 2906 inter
1840 2854 2217 2907 wenceslaum
2251 2855 2325 2908 11.
2347 2869 2527 2921 regem
2545 2855 2680 2908 Βοο·

290 2926 437 2978 miae
475 2939 539 2974 ex
572 2938 699 2986 una,
736 2927 789 2975 et
822 2923 1104 2976 Nicolaum
1140 2921 1329 2976 ducem
1364 2922 1642 2990 Oppavise
1677 2929 1828 2992 parte
1863 2940 1927 2976 ex
1967 2925 2156 2990 altera,
2195 2939 2354 2992 super
2371 2925 2677 2992 principatu

294 2993 627 3062 Oppaviensi
664 2992 796 3060 (vid.
833 3009 885 3043 n.
924 2991 991 3042 60
1027 2997 1081 3044 et
1117 2990 1224 3057 73).

502 3063 549 3114 E
584 3062 701 3115 cod.
736 3060 949 3114 formul.
984 3061 1413 3128 Regiomontano
1451 3063 1594 3130 apud
1631 3061 1792 3130 Voigt
1827 3078 1880 3114 n.
1917 3061 2114 3116 LXIV.

473 3199 969 3288 W(enceslaus)
1017 3199 1148 3265 Dei
1190 3200 1405 3285 gratia
1448 3209 1571 3265 etc.

472 3287 695 3373 Digne
754 3287 915 3352 satis
973 3287 1367 3373 praeconiae
1424 3287 2013 3352 commendationis
2075 3287 2412 3370 attollitur,
2461 3287 2676 3354 alum·

298 3397 455 3442 nam
500 3375 701 3461 pacis,
760 3374 1199 3449 concordiam,
1261 3395 1408 3438 cum
1470 3373 1872 3462 quibuslibet
1931 3373 2402 3442 inviolabiliter
2464 3373 2688 3443 obser·

302 3479 496 3544 νει-ες
545 3459 664 3526 sed
709 3461 821 3546 qui
860 3461 1189 3527 violatore
1248 3459 1561 3527 scandalo
1622 3481 1820 3548 passa
1863 3461 2064 3526 fuerit
2108 3462 2432 3527 scissurae
2477 3473 2544 3528 et
2587 3461 2680 3527 di·

307 3548 663 3636 spondium
710 3548 1127 3615 resarcientis
1185 3569 1305 3631 ope
1350 3548 1550 3613 studii
1597 3546 2002 3636 solempnius
2061 3549 2384 3615 renodare
2427 3558 2496 3614 et
2540 3569 2689 3614 cum

296 3635 425 3702 hiis
473 3636 825 3722 praecipue
870 3634 957 3700 ad
1000 3637 1309 3700 unionem
1357 3657 1652 3702 remeare
1713 3635 2080 3722 pacificam,
2148 3657 2310 3724 quos
2357 3636 2684 3703 naturalis

288 3725 613 3810 junctura
652 3719 937 3788 foederis
980 3731 1048 3788 et
1092 3730 1357 3787 mutuus
1418 3723 1828 3808 conglutinat
1888 3725 2230 3808 sanguinis
2275 3726 2682 3806 internexus,

300 3809 501 3896 longe
548 3809 813 3894 dignius
855 3808 1223 3895 praefertur
1265 3808 1477 3874 titulis
1524 3821 1592 3876 et
1633 3809 1900 3876 favoris.

475 3897 797 3962 Noverint
840 3897 1045 3982 igitur
1086 3897 1377 3961 universi
1427 3905 1560 3961 tam
1589 3906 1968 3982 praesentes
1993 3917 2192 3985 quam
2238 3897 2462 3973 futuri,
2510 3894 2688 3985 quod

303 4007 426 4052 nos
470 4005 745 4071 operum
791 3983 1251 4069 prosecutioni,
1320 4004 1488 4070 quae
1526 3984 2077 4050 commendabilia
2123 3987 2332 4071 magis
2378 3987 2689 4062 existunt,

302 4073 530 4159 pronis
589 4068 1043 4136 affectionibus
1102 4071 1492 4153 aspirantes,
1556 4091 1704 4135 cum
1773 4073 2042 4137 domino
2115 4073 2283 4138 duce
2347 4070 2692 4149 Nicholao,

302 4159 518 4244 sopita
576 4155 1001 4222 dissentionis
1065 4158 1365 4233 materia,
1426 4157 1511 4222 ad
1572 4159 1870 4224 sincerae
1931 4160 2114 4246 pacis
2178 4171 2243 4225 et
2287 4158 2679 4226 concordiae

304 4242 692 4310 devenimus
738 4244 1067 4325 unionem,
1114 4253 1179 4308 et
1224 4243 1350 4308 sibi
1395 4253 1621 4311 tenore
1647 4248 2086 4332 praesentium
2115 4247 2256 4312 sine
2304 4248 2483 4311 omni
2527 4261 2685 4332 cap·

301 4333 483 4398 tione
552 4328 746 4411 mala,
815 4329 985 4394 malo
1050 4331 1337 4414 ingenio,
1407 4354 1561 4398 vera
1605 4333 1758 4418 fide,
1825 4343 1962 4400 tam
2035 4356 2150 4419 pro
2229 4334 2421 4402 nobis
2485 4355 2685 4420 quam

2161 4423 2277 4487 15*
