<?xml version="1.0" encoding="UTF-8"?>
<!DOCTYPE html PUBLIC "-//W3C//DTD XHTML 1.0 Transitional//EN"
    "http://www.w3.org/TR/xhtml1/DTD/xhtml1-transitional.dtd">
<html xmlns="http://www.w3.org/1999/xhtml" xml:lang="en" lang="en">
 <head>
  <title>
</title>
<meta http-equiv="Content-Type" content="text/html;charset=utf-8" />
  <meta name='ocr-system' content='tesseract 3.04.00' />
  <meta name='ocr-capabilities' content='ocr_page ocr_carea ocr_par ocr_line ocrx_word'/>
</head>
<body>
  <div class='ocr_page' id='page_1' title='image "./codexjurisbohem01unkngoog_0247.png"; bbox 0 0 3150 5017; ppageno 0'>
   <div class='ocr_carea' id='block_1_1' title="bbox 1288 287 1763 362">
    <p class='ocr_par' dir='ltr' id='par_1_1' title="bbox 1288 287 1763 362">
     <span class='ocr_line' id='line_1_1' title="bbox 1288 287 1763 362; baseline 0.015 -6"><span class='ocrx_word' id='word_1_1' title='bbox 1288 323 1375 335; x_wconf 93' lang='lat'>—</span> <span class='ocrx_word' id='word_1_2' title='bbox 1446 287 1589 362; x_wconf 42' lang='lat'>1237</span> <span class='ocrx_word' id='word_1_3' title='bbox 1660 324 1763 343; x_wconf 89' lang='lat'>--—</span> 
     </span>
    </p>
   </div>
   <div class='ocr_carea' id='block_1_2' title="bbox 310 459 2754 4376">
    <p class='ocr_par' dir='ltr' id='par_1_2' title="bbox 310 459 2722 795">
     <span class='ocr_line' id='line_1_2' title="bbox 326 459 2716 545; baseline 0.002 -19"><span class='ocrx_word' id='word_1_4' title='bbox 326 483 437 527; x_wconf 87' lang='lat' dir='ltr'>me</span> <span class='ocrx_word' id='word_1_5' title='bbox 478 467 545 528; x_wconf 89' lang='lat' dir='ltr'>et</span> <span class='ocrx_word' id='word_1_6' title='bbox 608 481 791 529; x_wconf 10' lang='lat' dir='ltr'>mneos</span> <span class='ocrx_word' id='word_1_7' title='bbox 848 459 1125 528; x_wconf 85' lang='lat' dir='ltr'>heredes</span> <span class='ocrx_word' id='word_1_8' title='bbox 1169 459 1501 545; x_wconf 81' lang='lat' dir='ltr'>legitimos</span> <span class='ocrx_word' id='word_1_9' title='bbox 1546 481 1745 532; x_wconf 72' lang='lat' dir='ltr'>sexus</span> <span class='ocrx_word' id='word_1_10' title='bbox 1807 460 2162 542; x_wconf 71' lang='lat' dir='ltr'>masculini</span> <span class='ocrx_word' id='word_1_11' title='bbox 2206 463 2276 528; x_wconf 87' lang='lat' dir='ltr'>in</span> <span class='ocrx_word' id='word_1_12' title='bbox 2317 461 2599 528; x_wconf 83' lang='lat' dir='ltr'>feudum</span> <span class='ocrx_word' id='word_1_13' title='bbox 2649 471 2716 530; x_wconf 92' lang='lat' dir='ltr'>et</span> 
     </span>
     <span class='ocr_line' id='line_1_3' title="bbox 310 546 2722 634; baseline 0.001 -20"><span class='ocrx_word' id='word_1_14' title='bbox 310 546 731 634; x_wconf 81' lang='lat' dir='ltr'>jure.‘feudi‚-</span> <span class='ocrx_word' id='word_1_15' title='bbox 761 546 847 612; x_wconf 91' lang='lat' dir='ltr'>ab</span> <span class='ocrx_word' id='word_1_16' title='bbox 888 548 1033 633; x_wconf 87' lang='lat' dir='ltr'>ipso</span> <span class='ocrx_word' id='word_1_17' title='bbox 1080 547 1347 620; x_wconf 84' lang='lat' dir='ltr'>domino</span> <span class='ocrx_word' id='word_1_18' title='bbox 1407 569 1559 632; x_wconf 86' lang='lat' dir='ltr'>rege</span> <span class='ocrx_word' id='word_1_19' title='bbox 1621 557 1687 614; x_wconf 83' lang='lat' dir='ltr'>et</span> <span class='ocrx_word' id='word_1_20' title='bbox 1752 569 1795 613; x_wconf 88' lang='lat' dir='ltr'>a</span> <span class='ocrx_word' id='word_1_21' title='bbox 1857 569 2088 634; x_wconf 88' lang='lat' dir='ltr'>regno.</span> <span class='ocrx_word' id='word_1_22' title='bbox 2121 548 2480 616; x_wconf 78' lang='lat' dir='ltr'>Bohemiae</span> <span class='ocrx_word' id='word_1_23' title='bbox 2545 571 2622 615; x_wconf 84' lang='lat' dir='ltr'>ac</span> <span class='ocrx_word' id='word_1_24' title='bbox 2679 573 2722 616; x_wconf 90' lang='lat' dir='ltr'>a</span> 
     </span>
     <span class='ocr_line' id='line_1_4' title="bbox 320 633 2718 723; baseline 0.001 -23"><span class='ocrx_word' id='word_1_25' title='bbox 320 635 467 701; x_wconf 84' lang='lat' dir='ltr'>suis</span> <span class='ocrx_word' id='word_1_26' title='bbox 507 633 861 704; x_wconf 66' lang='lat' dir='ltr'>&#39;heredibus</span> <span class='ocrx_word' id='word_1_27' title='bbox 885 643 952 700; x_wconf 88' lang='lat' dir='ltr'>et</span> <span class='ocrx_word' id='word_1_28' title='bbox 993 635 1308 702; x_wconf 84' lang='lat' dir='ltr'><strong>heredum</strong></span> <span class='ocrx_word' id='word_1_29' title='bbox 1354 634 1844 704; x_wconf 84' lang='lat' dir='ltr'>successoribus</span> <span class='ocrx_word' id='word_1_30' title='bbox 1889 635 1973 701; x_wconf 84' lang='lat' dir='ltr'>ab</span> <span class='ocrx_word' id='word_1_31' title='bbox 2018 638 2162 723; x_wconf 89' lang='lat' dir='ltr'>ipso</span> <span class='ocrx_word' id='word_1_32' title='bbox 2210 638 2280 702; x_wconf 90' lang='lat' dir='ltr'>in</span> <span class='ocrx_word' id='word_1_33' title='bbox 2307 647 2718 723; x_wconf 86' lang='lat' dir='ltr'>perpetuum</span> 
     </span>
     <span class='ocr_line' id='line_1_5' title="bbox 317 720 1291 795; baseline -0.001 -8"><span class='ocrx_word' id='word_1_34' title='bbox 317 720 897 795; x_wconf 70' lang='lat' dir='ltr'>descendentibus</span> <span class='ocrx_word' id='word_1_35' title='bbox 943 722 1291 789; x_wconf 84' lang='lat' dir='ltr'>universis.</span> 
     </span>
    </p>

    <p class='ocr_par' dir='ltr' id='par_1_3' title="bbox 318 807 2718 1418">
     <span class='ocr_line' id='line_1_6' title="bbox 498 807 2710 896; baseline 0 -20"><span class='ocrx_word' id='word_1_36' title='bbox 498 807 715 895; x_wconf 85' lang='lat' dir='ltr'><strong>(VII.)</strong></span> <span class='ocrx_word' id='word_1_37' title='bbox 756 808 860 878; x_wconf 88' lang='lat' dir='ltr'>Eo</span> <span class='ocrx_word' id='word_1_38' title='bbox 904 810 1171 895; x_wconf 82' lang='lat' dir='ltr'>proviso</span> <span class='ocrx_word' id='word_1_39' title='bbox 1216 808 1642 874; x_wconf 81' lang='lat' dir='ltr'>nihilominus</span> <span class='ocrx_word' id='word_1_40' title='bbox 1689 823 1754 874; x_wconf 88' lang='lat' dir='ltr'>et</span> <span class='ocrx_word' id='word_1_41' title='bbox 1808 829 2142 894; x_wconf 81' lang='lat' dir='ltr'>expresse,</span> <span class='ocrx_word' id='word_1_42' title='bbox 2203 810 2380 896; x_wconf 86' lang='lat' dir='ltr'>quod</span> <span class='ocrx_word' id='word_1_43' title='bbox 2427 809 2710 896; x_wconf 81' lang='lat' dir='ltr'>quilibet</span> 
     </span>
     <span class='ocr_line' id='line_1_7' title="bbox 318 895 2718 982; baseline 0.001 -22"><span class='ocrx_word' id='word_1_44' title='bbox 318 895 558 963; x_wconf 83' lang='lat' dir='ltr'>laneus</span> <span class='ocrx_word' id='word_1_45' title='bbox 605 896 1111 982; x_wconf 72' lang='lat' dir='ltr'>possessionum,</span> <span class='ocrx_word' id='word_1_46' title='bbox 1158 896 1226 962; x_wconf 90' lang='lat' dir='ltr'>in</span> <span class='ocrx_word' id='word_1_47' title='bbox 1272 895 1511 982; x_wconf 84' lang='lat' dir='ltr'>quibus</span> <span class='ocrx_word' id='word_1_48' title='bbox 1557 895 1718 962; x_wconf 87' lang='lat' dir='ltr'>mibi</span> <span class='ocrx_word' id='word_1_49' title='bbox 1761 907 1912 961; x_wconf 85' lang='lat' dir='ltr'>suut</span> <span class='ocrx_word' id='word_1_50' title='bbox 1955 897 2270 982; x_wconf 78' lang='lat' dir='ltr'>praedicti</span> <span class='ocrx_word' id='word_1_51' title='bbox 2315 895 2564 962; x_wconf 82' lang='lat' dir='ltr'>reditus</span> <span class='ocrx_word' id='word_1_52' title='bbox 2607 919 2718 962; x_wconf 62' lang='lat' dir='ltr'>ase-</span> 
     </span>
     <span class='ocr_line' id='line_1_8' title="bbox 323 981 2714 1075; baseline 0.001 -28"><span class='ocrx_word' id='word_1_53' title='bbox 323 982 655 1070; x_wconf 84' lang='lat' dir='ltr'>signandi‚</span> <span class='ocrx_word' id='word_1_54' title='bbox 700 981 853 1049; x_wconf 87' lang='lat' dir='ltr'>talis</span> <span class='ocrx_word' id='word_1_55' title='bbox 897 982 1057 1051; x_wconf 85' lang='lat' dir='ltr'>mihi</span> <span class='ocrx_word' id='word_1_56' title='bbox 1106 1004 1225 1069; x_wconf 90' lang='lat' dir='ltr'>per</span> <span class='ocrx_word' id='word_1_57' title='bbox 1282 987 1501 1068; x_wconf 85' lang='lat' dir='ltr'>ipsum</span> <span class='ocrx_word' id='word_1_58' title='bbox 1551 983 1890 1075; x_wconf 81' lang='lat' dir='ltr'>dominum</span> <span class='ocrx_word' id='word_1_59' title='bbox 1937 1006 2179 1070; x_wconf 85' lang='lat' dir='ltr'>regem,</span> <span class='ocrx_word' id='word_1_60' title='bbox 2243 983 2352 1050; x_wconf 89' lang='lat' dir='ltr'>vel</span> <span class='ocrx_word' id='word_1_61' title='bbox 2399 1007 2520 1070; x_wconf 89' lang='lat' dir='ltr'>per</span> <span class='ocrx_word' id='word_1_62' title='bbox 2559 983 2714 1050; x_wconf 85' lang='lat' dir='ltr'>illos</span> 
     </span>
     <span class='ocr_line' id='line_1_9' title="bbox 324 1069 2714 1156; baseline 0 -20"><span class='ocrx_word' id='word_1_63' title='bbox 324 1079 444 1150; x_wconf 81' lang='lat' dir='ltr'>aut</span> <span class='ocrx_word' id='word_1_64' title='bbox 484 1069 692 1145; x_wconf 88' lang='lat' dir='ltr'>illum,</span> <span class='ocrx_word' id='word_1_65' title='bbox 750 1069 989 1156; x_wconf 87' lang='lat' dir='ltr'>quibus</span> <span class='ocrx_word' id='word_1_66' title='bbox 1049 1069 1158 1144; x_wconf 83' lang='lat' dir='ltr'>vel</span> <span class='ocrx_word' id='word_1_67' title='bbox 1215 1071 1345 1136; x_wconf 79' lang='lat' dir='ltr'>cui&#39;</span> <span class='ocrx_word' id='word_1_68' title='bbox 1380 1091 1579 1156; x_wconf 86' lang='lat' dir='ltr'>super</span> <span class='ocrx_word' id='word_1_69' title='bbox 1639 1069 1765 1138; x_wconf 85' lang='lat' dir='ltr'>hoc</span> <span class='ocrx_word' id='word_1_70' title='bbox 1827 1073 2234 1140; x_wconf 72' lang='lat' dir='ltr'>commiserit</span> <span class='ocrx_word' id='word_1_71' title='bbox 2294 1071 2474 1136; x_wconf 85' lang='lat' dir='ltr'>vices</span> <span class='ocrx_word' id='word_1_72' title='bbox 2533 1093 2714 1154; x_wconf 85' lang='lat' dir='ltr'>suas,</span> 
     </span>
     <span class='ocr_line' id='line_1_10' title="bbox 320 1157 2708 1244; baseline 0 -20"><span class='ocrx_word' id='word_1_73' title='bbox 320 1177 443 1243; x_wconf 84' lang='lat' dir='ltr'>pro</span> <span class='ocrx_word' id='word_1_74' title='bbox 488 1159 686 1231; x_wconf 81' lang='lat' dir='ltr'>unius</span> <span class='ocrx_word' id='word_1_75' title='bbox 735 1178 995 1225; x_wconf 85' lang='lat' dir='ltr'>marcae</span> <span class='ocrx_word' id='word_1_76' title='bbox 1058 1159 1313 1242; x_wconf 82' lang='lat' dir='ltr'>argenti</span> <span class='ocrx_word' id='word_1_77' title='bbox 1372 1157 1692 1224; x_wconf 76' lang='lat' dir='ltr'>reditibus</span> <span class='ocrx_word' id='word_1_78' title='bbox 1761 1157 2110 1244; x_wconf 89' lang='lat' dir='ltr'>deputetur</span> <span class='ocrx_word' id='word_1_79' title='bbox 2177 1167 2240 1224; x_wconf 91' lang='lat' dir='ltr'>et</span> <span class='ocrx_word' id='word_1_80' title='bbox 2289 1159 2708 1244; x_wconf 77' lang='lat' dir='ltr'>assignetur,</span> 
     </span>
     <span class='ocr_line' id='line_1_11' title="bbox 322 1244 2715 1331; baseline 0 -21"><span class='ocrx_word' id='word_1_81' title='bbox 322 1245 407 1310; x_wconf 88' lang='lat' dir='ltr'>de</span> <span class='ocrx_word' id='word_1_82' title='bbox 454 1267 583 1331; x_wconf 77' lang='lat' dir='ltr'>qno</span> <span class='ocrx_word' id='word_1_83' title='bbox 628 1255 849 1310; x_wconf 85' lang='lat' dir='ltr'>marca</span> <span class='ocrx_word' id='word_1_84' title='bbox 894 1246 1149 1329; x_wconf 83' lang='lat' dir='ltr'>argenti</span> <span class='ocrx_word' id='word_1_85' title='bbox 1192 1246 1534 1314; x_wconf 76' lang='lat' dir='ltr'>annuatim</span> <span class='ocrx_word' id='word_1_86' title='bbox 1598 1265 1772 1314; x_wconf 83' lang='lat' dir='ltr'>nunc</span> <span class='ocrx_word' id='word_1_87' title='bbox 1834 1246 2152 1330; x_wconf 86' lang='lat' dir='ltr'>provenit,</span> <span class='ocrx_word' id='word_1_88' title='bbox 2216 1244 2322 1311; x_wconf 89' lang='lat' dir='ltr'>vel</span> <span class='ocrx_word' id='word_1_89' title='bbox 2366 1247 2715 1310; x_wconf 77' lang='lat' dir='ltr'>retroactis</span> 
     </span>
     <span class='ocr_line' id='line_1_12' title="bbox 320 1330 2712 1418; baseline 0.001 -21"><span class='ocrx_word' id='word_1_90' title='bbox 320 1330 757 1418; x_wconf 79' lang='lat' dir='ltr'>proveniebat</span> <span class='ocrx_word' id='word_1_91' title='bbox 774 1331 1201 1418; x_wconf 78' lang='lat' dir='ltr'>¹tempori-bus,</span> <span class='ocrx_word' id='word_1_92' title='bbox 1227 1342 1341 1398; x_wconf 85' lang='lat' dir='ltr'>aut</span> <span class='ocrx_word' id='word_1_93' title='bbox 1364 1341 1517 1398; x_wconf 86' lang='lat' dir='ltr'>ante</span> <span class='ocrx_word' id='word_1_94' title='bbox 1541 1331 2049 1417; x_wconf 83' lang='lat' dir='ltr'>quadriennium</span> <span class='ocrx_word' id='word_1_95' title='bbox 2075 1333 2314 1418; x_wconf 88' lang='lat' dir='ltr'>poterit</span> <span class='ocrx_word' id='word_1_96' title='bbox 2336 1335 2712 1418; x_wconf 79' lang='lat' dir='ltr'>provenire.</span> 
     </span>
    </p>

    <p class='ocr_par' dir='ltr' id='par_1_4' title="bbox 312 1417 2715 2812">
     <span class='ocr_line' id='line_1_13' title="bbox 495 1417 2714 1505; baseline 0 -21"><span class='ocrx_word' id='word_1_97' title='bbox 495 1417 745 1504; x_wconf 69' lang='lat' dir='ltr'>(VIII.)</span> <span class='ocrx_word' id='word_1_98' title='bbox 804 1417 1078 1498; x_wconf 79' lang='lat' dir='ltr'>Proviso</span> <span class='ocrx_word' id='word_1_99' title='bbox 1115 1419 1343 1500; x_wconf 75' lang='lat' dir='ltr'>etiam,</span> <span class='ocrx_word' id='word_1_100' title='bbox 1390 1417 1567 1505; x_wconf 76' lang='lat' dir='ltr'>quod</span> <span class='ocrx_word' id='word_1_101' title='bbox 1589 1419 1646 1484; x_wconf 88' lang='lat' dir='ltr'>si</span> <span class='ocrx_word' id='word_1_102' title='bbox 1667 1420 1736 1484; x_wconf 92' lang='lat' dir='ltr'>in</span> <span class='ocrx_word' id='word_1_103' title='bbox 1762 1420 2018 1496; x_wconf 80' lang='lat' dir='ltr'>castris,‘</span> <span class='ocrx_word' id='word_1_104' title='bbox 2057 1419 2554 1496; x_wconf 76' lang='lat' dir='ltr'>munitioni-bus,</span> <span class='ocrx_word' id='word_1_105' title='bbox 2599 1419 2714 1486; x_wconf 85' lang='lat' dir='ltr'>bc-</span> 
     </span>
     <span class='ocr_line' id='line_1_14' title="bbox 320 1505 2712 1592; baseline 0.001 -22"><span class='ocrx_word' id='word_1_106' title='bbox 320 1507 452 1582; x_wconf 85' lang='lat' dir='ltr'>nis‚</span> <span class='ocrx_word' id='word_1_107' title='bbox 492 1506 1033 1592; x_wconf 85' lang='lat' dir='ltr'>possessionibus,</span> <span class='ocrx_word' id='word_1_108' title='bbox 1089 1505 1385 1592; x_wconf 88' lang='lat' dir='ltr'>judiciis,</span> <span class='ocrx_word' id='word_1_109' title='bbox 1446 1505 1701 1588; x_wconf 86' lang='lat' dir='ltr'>officiis,</span> <span class='ocrx_word' id='word_1_110' title='bbox 1763 1505 2158 1572; x_wconf 78' lang='lat' dir='ltr'>utilitatibus</span> <span class='ocrx_word' id='word_1_111' title='bbox 2221 1516 2286 1574; x_wconf 89' lang='lat' dir='ltr'>et</span> <span class='ocrx_word' id='word_1_112' title='bbox 2330 1505 2480 1572; x_wconf 86' lang='lat' dir='ltr'>aliis</span> <span class='ocrx_word' id='word_1_113' title='bbox 2526 1527 2712 1592; x_wconf 79' lang='lat' dir='ltr'>prae-</span> 
     </span>
     <span class='ocr_line' id='line_1_15' title="bbox 323 1591 2715 1685; baseline 0.001 -27"><span class='ocrx_word' id='word_1_114' title='bbox 323 1593 538 1670; x_wconf 87' lang='lat' dir='ltr'>dictis,</span> <span class='ocrx_word' id='word_1_115' title='bbox 584 1601 863 1680; x_wconf 80' lang='lat' dir='ltr'>quatuor</span> <span class='ocrx_word' id='word_1_116' title='bbox 906 1591 1183 1662; x_wconf 88' lang='lat' dir='ltr'>millium</span> <span class='ocrx_word' id='word_1_117' title='bbox 1208 1599 1274 1658; x_wconf 91' lang='lat' dir='ltr'>et</span> <span class='ocrx_word' id='word_1_118' title='bbox 1303 1594 1808 1685; x_wconf 80' lang='lat' dir='ltr'>quingentarum</span> <span class='ocrx_word' id='word_1_119' title='bbox 1834 1615 2202 1659; x_wconf 84' lang='lat' dir='ltr'>marcarum</span> <span class='ocrx_word' id='word_1_120' title='bbox 2247 1595 2502 1680; x_wconf 81' lang='lat' dir='ltr'>argenti</span> <span class='ocrx_word' id='word_1_121' title='bbox 2542 1593 2715 1661; x_wconf 90' lang='lat' dir='ltr'>redi·</span> 
     </span>
     <span class='ocr_line' id='line_1_16' title="bbox 316 1679 2711 1766; baseline 0.001 -21"><span class='ocrx_word' id='word_1_122' title='bbox 316 1689 427 1746; x_wconf 88' lang='lat' dir='ltr'>tus</span> <span class='ocrx_word' id='word_1_123' title='bbox 486 1701 622 1745; x_wconf 91' lang='lat' dir='ltr'>non</span> <span class='ocrx_word' id='word_1_124' title='bbox 676 1689 1003 1766; x_wconf 37' lang='lat' dir='ltr'>„poterunt</span> <span class='ocrx_word' id='word_1_125' title='bbox 1061 1680 1362 1766; x_wconf 89' lang='lat' dir='ltr'>deputari</span> <span class='ocrx_word' id='word_1_126' title='bbox 1422 1688 1537 1746; x_wconf 77' lang='lat' dir='ltr'>aut</span> <span class='ocrx_word' id='word_1_127' title='bbox 1599 1681 1944 1764; x_wconf 86' lang='lat' dir='ltr'>assignari,</span> <span class='ocrx_word' id='word_1_128' title='bbox 2009 1689 2275 1746; x_wconf 85' lang='lat' dir='ltr'>servato</span> <span class='ocrx_word' id='word_1_129' title='bbox 2357 1681 2550 1747; x_wconf 90' lang='lat' dir='ltr'>modo</span> <span class='ocrx_word' id='word_1_130' title='bbox 2629 1679 2711 1747; x_wconf 88' lang='lat' dir='ltr'>de</span> 
     </span>
     <span class='ocr_line' id='line_1_17' title="bbox 322 1763 2710 1855; baseline 0 -23"><span class='ocrx_word' id='word_1_131' title='bbox 322 1766 538 1834; x_wconf 82' lang='lat' dir='ltr'>laneis</span> <span class='ocrx_word' id='word_1_132' title='bbox 612 1763 1033 1852; x_wconf 69' lang='lat' dir='ltr'>assignandis</span> <span class='ocrx_word' id='word_1_133' title='bbox 1087 1769 1385 1852; x_wconf 79' lang='lat' dir='ltr'>proxime</span> <span class='ocrx_word' id='word_1_134' title='bbox 1436 1769 1579 1850; x_wconf 77' lang='lat' dir='ltr'>J‘am</span> <span class='ocrx_word' id='word_1_135' title='bbox 1640 1788 1990 1852; x_wconf 84' lang='lat' dir='ltr'>expresso:</span> <span class='ocrx_word' id='word_1_136' title='bbox 2039 1789 2125 1832; x_wconf 86' lang='lat' dir='ltr'>ex</span> <span class='ocrx_word' id='word_1_137' title='bbox 2183 1777 2341 1834; x_wconf 88' lang='lat' dir='ltr'>tunc</span> <span class='ocrx_word' id='word_1_138' title='bbox 2402 1769 2546 1855; x_wconf 88' lang='lat' dir='ltr'>ipse</span> <span class='ocrx_word' id='word_1_139' title='bbox 2593 1767 2710 1833; x_wconf 89' lang='lat' dir='ltr'>do·</span> 
     </span>
     <span class='ocr_line' id='line_1_18' title="bbox 323 1853 2702 1943; baseline 0 -23"><span class='ocrx_word' id='word_1_140' title='bbox 323 1854 541 1920; x_wconf 88' lang='lat' dir='ltr'>minus</span> <span class='ocrx_word' id='word_1_141' title='bbox 575 1876 697 1920; x_wconf 79' lang='lat' dir='ltr'>rex</span> <span class='ocrx_word' id='word_1_142' title='bbox 742 1853 821 1918; x_wconf 90' lang='lat' dir='ltr'>de</span> <span class='ocrx_word' id='word_1_143' title='bbox 847 1853 1274 1920; x_wconf 83' lang='lat' dir='ltr'>vicinioribus</span> <span class='ocrx_word' id='word_1_144' title='bbox 1337 1853 1860 1939; x_wconf 81' lang='lat' dir='ltr'>possessionibus</span> <span class='ocrx_word' id='word_1_145' title='bbox 1921 1865 2036 1920; x_wconf 90' lang='lat' dir='ltr'>aut</span> <span class='ocrx_word' id='word_1_146' title='bbox 2078 1856 2269 1921; x_wconf 89' lang='lat' dir='ltr'>bonis</span> <span class='ocrx_word' id='word_1_147' title='bbox 2329 1876 2480 1920; x_wconf 87' lang='lat' dir='ltr'>cum</span> <span class='ocrx_word' id='word_1_148' title='bbox 2523 1856 2702 1943; x_wconf 86' lang='lat' dir='ltr'>ipsa-</span> 
     </span>
     <span class='ocr_line' id='line_1_19' title="bbox 318 1939 2704 2028; baseline 0.001 -22"><span class='ocrx_word' id='word_1_149' title='bbox 318 1963 469 2008; x_wconf 87' lang='lat' dir='ltr'>rum</span> <span class='ocrx_word' id='word_1_150' title='bbox 558 1941 997 2007; x_wconf 83' lang='lat' dir='ltr'>osse-ssionum</span> <span class='ocrx_word' id='word_1_151' title='bbox 1042 1953 1159 2008; x_wconf 85' lang='lat' dir='ltr'>aut</span> <span class='ocrx_word' id='word_1_152' title='bbox 1205 1941 1522 2008; x_wconf 85' lang='lat' dir='ltr'>bonorum</span> <span class='ocrx_word' id='word_1_153' title='bbox 1585 1939 2078 2017; x_wconf 76' lang='lat' dir='ltr'>munitionibus,</span> <span class='ocrx_word' id='word_1_154' title='bbox 2146 1963 2306 2028; x_wconf 88' lang='lat' dir='ltr'>quas</span> <span class='ocrx_word' id='word_1_155' title='bbox 2351 1942 2528 2010; x_wconf 86' lang='lat' dir='ltr'>bona</span> <span class='ocrx_word' id='word_1_156' title='bbox 2571 1940 2704 2008; x_wconf 87' lang='lat' dir='ltr'>fide</span> 
     </span>
     <span class='ocr_line' id='line_1_20' title="bbox 316 2026 2692 2112; baseline 0 -19"><span class='ocrx_word' id='word_1_157' title='bbox 316 2029 464 2094; x_wconf 90' lang='lat' dir='ltr'>sine</span> <span class='ocrx_word' id='word_1_158' title='bbox 554 2027 659 2095; x_wconf 92' lang='lat' dir='ltr'>olo</span> <span class='ocrx_word' id='word_1_159' title='bbox 704 2029 1193 2094; x_wconf 78' lang='lat' dir='ltr'>nominaverint</span> <span class='ocrx_word' id='word_1_160' title='bbox 1238 2038 1303 2094; x_wconf 91' lang='lat' dir='ltr'>et</span> <span class='ocrx_word' id='word_1_161' title='bbox 1348 2028 1833 2112; x_wconf 82' lang='lat' dir='ltr'>assignaverint</span> <span class='ocrx_word' id='word_1_162' title='bbox 1857 2026 2124 2108; x_wconf 82' lang='lat' dir='ltr'>arbiter,</span> <span class='ocrx_word' id='word_1_163' title='bbox 2171 2027 2479 2094; x_wconf 77' lang='lat' dir='ltr'>videlicet</span> <span class='ocrx_word' id='word_1_164' title='bbox 2521 2027 2692 2094; x_wconf 90' lang='lat' dir='ltr'>Zde-</span> 
     </span>
     <span class='ocr_line' id='line_1_21' title="bbox 313 2114 2700 2202; baseline 0 -22"><span class='ocrx_word' id='word_1_165' title='bbox 313 2115 503 2195; x_wconf 83' lang='lat' dir='ltr'>zlaus</span> <span class='ocrx_word' id='word_1_166' title='bbox 549 2115 629 2180; x_wconf 92' lang='lat' dir='ltr'>de</span> <span class='ocrx_word' id='word_1_167' title='bbox 675 2115 1030 2182; x_wconf 87' lang='lat' dir='ltr'>Sternberc</span> <span class='ocrx_word' id='word_1_168' title='bbox 1072 2117 1467 2202; x_wconf 85' lang='lat' dir='ltr'>purgravius</span> <span class='ocrx_word' id='word_1_169' title='bbox 1522 2114 1875 2200; x_wconf 85' lang='lat' dir='ltr'>Pragensis</span> <span class='ocrx_word' id='word_1_170' title='bbox 1935 2125 2003 2180; x_wconf 90' lang='lat' dir='ltr'>et</span> <span class='ocrx_word' id='word_1_171' title='bbox 2037 2115 2308 2180; x_wconf 85' lang='lat' dir='ltr'>Heneco</span> <span class='ocrx_word' id='word_1_172' title='bbox 2371 2115 2454 2182; x_wconf 87' lang='lat' dir='ltr'>de</span> <span class='ocrx_word' id='word_1_173' title='bbox 2497 2114 2700 2180; x_wconf 87' lang='lat' dir='ltr'>Duba</span> 
     </span>
     <span class='ocr_line' id='line_1_22' title="bbox 312 2201 2708 2289; baseline -0 -22"><span class='ocrx_word' id='word_1_174' title='bbox 312 2203 441 2288; x_wconf 79' lang='lat' dir='ltr'>pro&#39;</span> <span class='ocrx_word' id='word_1_175' title='bbox 479 2211 663 2289; x_wconf 85' lang='lat' dir='ltr'>parte</span> <span class='ocrx_word' id='word_1_176' title='bbox 708 2203 918 2288; x_wconf 88' lang='lat' dir='ltr'>ipsius</span> <span class='ocrx_word' id='word_1_177' title='bbox 974 2201 1221 2278; x_wconf 80' lang='lat' dir='ltr'>domini</span> <span class='ocrx_word' id='word_1_178' title='bbox 1267 2202 1461 2288; x_wconf 85' lang='lat' dir='ltr'>regis,</span> <span class='ocrx_word' id='word_1_179' title='bbox 1506 2223 1626 2286; x_wconf 86' lang='lat' dir='ltr'>pro</span> <span class='ocrx_word' id='word_1_180' title='bbox 1687 2223 1832 2268; x_wconf 87' lang='lat' dir='ltr'>mea</span> <span class='ocrx_word' id='word_1_181' title='bbox 1878 2224 2032 2268; x_wconf 87' lang='lat' dir='ltr'>vero</span> <span class='ocrx_word' id='word_1_182' title='bbox 2079 2211 2262 2289; x_wconf 84' lang='lat' dir='ltr'>parte</span> <span class='ocrx_word' id='word_1_183' title='bbox 2309 2201 2554 2268; x_wconf 86' lang='lat' dir='ltr'>nobilis</span> <span class='ocrx_word' id='word_1_184' title='bbox 2600 2204 2708 2267; x_wconf 88' lang='lat' dir='ltr'>vir</span> 
     </span>
     <span class='ocr_line' id='line_1_23' title="bbox 312 2287 2705 2377; baseline 0 -21"><span class='ocrx_word' id='word_1_185' title='bbox 312 2291 473 2356; x_wconf 81' lang='lat' dir='ltr'>Otto</span> <span class='ocrx_word' id='word_1_186' title='bbox 518 2289 911 2374; x_wconf 84' lang='lat' dir='ltr'>burgravius</span> <span class='ocrx_word' id='word_1_187' title='bbox 954 2289 1039 2356; x_wconf 87' lang='lat' dir='ltr'>de</span> <span class='ocrx_word' id='word_1_188' title='bbox 1081 2287 1307 2355; x_wconf 88' lang='lat' dir='ltr'>Donin</span> <span class='ocrx_word' id='word_1_189' title='bbox 1352 2297 1419 2354; x_wconf 86' lang='lat' dir='ltr'>et</span> <span class='ocrx_word' id='word_1_190' title='bbox 1463 2287 1622 2354; x_wconf 86' lang='lat' dir='ltr'>Otto</span> <span class='ocrx_word' id='word_1_191' title='bbox 1667 2287 1748 2354; x_wconf 89' lang='lat' dir='ltr'>de</span> <span class='ocrx_word' id='word_1_192' title='bbox 1792 2287 2082 2374; x_wconf 71' lang='lat' dir='ltr'>Ileimrg,</span> <span class='ocrx_word' id='word_1_193' title='bbox 2129 2299 2204 2355; x_wconf 89' lang='lat' dir='ltr'>et.</span> <span class='ocrx_word' id='word_1_194' title='bbox 2261 2311 2377 2375; x_wconf 89' lang='lat' dir='ltr'>pro</span> <span class='ocrx_word' id='word_1_195' title='bbox 2424 2298 2705 2377; x_wconf 83' lang='lat' dir='ltr'>utraque</span> 
     </span>
     <span class='ocr_line' id='line_1_24' title="bbox 315 2375 2706 2464; baseline -0 -21"><span class='ocrx_word' id='word_1_196' title='bbox 315 2385 501 2462; x_wconf 84' lang='lat' dir='ltr'>parte</span> <span class='ocrx_word' id='word_1_197' title='bbox 560 2377 993 2445; x_wconf 87' lang='lat' dir='ltr'>communiter</span> <span class='ocrx_word' id='word_1_198' title='bbox 1038 2375 1237 2442; x_wconf 87' lang='lat' dir='ltr'>frater</span> <span class='ocrx_word' id='word_1_199' title='bbox 1288 2375 1712 2443; x_wconf 88' lang='lat' dir='ltr'>Hermannus</span> <span class='ocrx_word' id='word_1_200' title='bbox 1759 2377 1842 2441; x_wconf 92' lang='lat' dir='ltr'>de</span> <span class='ocrx_word' id='word_1_201' title='bbox 1893 2376 2088 2459; x_wconf 75' lang='lat' dir='ltr'>Hele,</span> <span class='ocrx_word' id='word_1_202' title='bbox 2136 2378 2316 2464; x_wconf 87' lang='lat' dir='ltr'>prior</span> <span class='ocrx_word' id='word_1_203' title='bbox 2361 2376 2706 2442; x_wconf 88' lang='lat' dir='ltr'>domorum</span> 
     </span>
     <span class='ocr_line' id='line_1_25' title="bbox 316 2462 2702 2551; baseline 0 -24"><span class='ocrx_word' id='word_1_204' title='bbox 316 2463 681 2551; x_wconf 83' lang='lat' dir='ltr'>hospitalis.</span> <span class='ocrx_word' id='word_1_205' title='bbox 722 2464 936 2532; x_wconf 85' lang='lat' dir='ltr'>sancti</span> <span class='ocrx_word' id='word_1_206' title='bbox 978 2463 1303 2531; x_wconf 85' lang='lat' dir='ltr'>Johannis</span> <span class='ocrx_word' id='word_1_207' title='bbox 1360 2463 1700 2551; x_wconf 82' lang='lat' dir='ltr'>Baptistae</span> <span class='ocrx_word' id='word_1_208' title='bbox 1760 2462 2280 2530; x_wconf 87' lang='lat' dir='ltr'>Jerosolimitani</span> <span class='ocrx_word' id='word_1_209' title='bbox 2372 2485 2444 2531; x_wconf 86' lang='lat' dir='ltr'>er</span> <span class='ocrx_word' id='word_1_210' title='bbox 2487 2465 2702 2530; x_wconf 85' lang='lat' dir='ltr'>Bohe-</span> 
     </span>
     <span class='ocr_line' id='line_1_26' title="bbox 317 2547 2698 2638; baseline 0 -22"><span class='ocrx_word' id='word_1_211' title='bbox 317 2552 543 2626; x_wconf 85' lang='lat' dir='ltr'>miam,</span> <span class='ocrx_word' id='word_1_212' title='bbox 600 2551 943 2616; x_wconf 88' lang='lat' dir='ltr'>Poloniam</span> <span class='ocrx_word' id='word_1_213' title='bbox 986 2547 1075 2616; x_wconf 63' lang='lat' dir='ltr'>‘et</span> <span class='ocrx_word' id='word_1_214' title='bbox 1136 2549 1523 2627; x_wconf 84' lang='lat' dir='ltr'>Moraviam,</span> <span class='ocrx_word' id='word_1_215' title='bbox 1585 2549 1674 2616; x_wconf 88' lang='lat' dir='ltr'>ad</span> <span class='ocrx_word' id='word_1_216' title='bbox 1734 2549 1860 2615; x_wconf 87' lang='lat' dir='ltr'>hoc</span> <span class='ocrx_word' id='word_1_217' title='bbox 1905 2550 2114 2633; x_wconf 88' lang='lat' dir='ltr'>electi,</span> <span class='ocrx_word' id='word_1_218' title='bbox 2161 2559 2228 2616; x_wconf 86' lang='lat' dir='ltr'>et</span> <span class='ocrx_word' id='word_1_219' title='bbox 2272 2571 2310 2616; x_wconf 89' lang='lat' dir='ltr'>a</span> <span class='ocrx_word' id='word_1_220' title='bbox 2371 2553 2698 2638; x_wconf 71' lang='lat' dir='ltr'>ipsorum</span> 
     </span>
     <span class='ocr_line' id='line_1_27' title="bbox 315 2633 2704 2724; baseline 0 -20"><span class='ocrx_word' id='word_1_221' title='bbox 315 2637 661 2704; x_wconf 82' lang='lat' dir='ltr'>arbitrium</span> <span class='ocrx_word' id='word_1_222' title='bbox 722 2633 831 2704; x_wconf 89' lang='lat' dir='ltr'>vel</span> <span class='ocrx_word' id='word_1_223' title='bbox 890 2637 1157 2724; x_wconf 80' lang='lat' dir='ltr'>majoris</span> <span class='ocrx_word' id='word_1_224' title='bbox 1220 2639 1423 2724; x_wconf 85' lang='lat' dir='ltr'>partis</span> <span class='ocrx_word' id='word_1_225' title='bbox 1492 2637 1652 2704; x_wconf 88' lang='lat' dir='ltr'>mihi</span> <span class='ocrx_word' id='word_1_226' title='bbox 1721 2637 1922 2704; x_wconf 88' lang='lat' dir='ltr'>faciet</span> <span class='ocrx_word' id='word_1_227' title='bbox 1986 2637 2466 2724; x_wconf 83' lang='lat' dir='ltr'>praedictorum</span> <span class='ocrx_word' id='word_1_228' title='bbox 2531 2638 2704 2706; x_wconf 87' lang='lat' dir='ltr'>redi-</span> 
     </span>
     <span class='ocr_line' id='line_1_28' title="bbox 318 2726 1105 2812; baseline 0.001 -22"><span class='ocrx_word' id='word_1_229' title='bbox 318 2733 502 2790; x_wconf 85' lang='lat' dir='ltr'>tuum</span> <span class='ocrx_word' id='word_1_230' title='bbox 552 2726 1105 2812; x_wconf 88' lang='lat' dir='ltr'>supplementum.</span> 
     </span>
    </p>

    <p class='ocr_par' dir='ltr' id='par_1_5' title="bbox 318 2811 2712 3682">
     <span class='ocr_line' id='line_1_29' title="bbox 492 2811 2707 2900; baseline -0 -23"><span class='ocrx_word' id='word_1_231' title='bbox 492 2813 669 2898; x_wconf 88' lang='lat' dir='ltr'>(IX).</span> <span class='ocrx_word' id='word_1_232' title='bbox 716 2812 785 2878; x_wconf 87' lang='lat' dir='ltr'>Si</span> <span class='ocrx_word' id='word_1_233' title='bbox 832 2833 987 2878; x_wconf 90' lang='lat' dir='ltr'>vero</span> <span class='ocrx_word' id='word_1_234' title='bbox 1014 2812 1234 2900; x_wconf 87' lang='lat' dir='ltr'>plures</span> <span class='ocrx_word' id='word_1_235' title='bbox 1258 2811 1527 2892; x_wconf 88' lang='lat' dir='ltr'>reditus,</span> <span class='ocrx_word' id='word_1_236' title='bbox 1574 2833 1768 2898; x_wconf 86' lang='lat' dir='ltr'>quam</span> <span class='ocrx_word' id='word_1_237' title='bbox 1788 2823 2069 2898; x_wconf 89' lang='lat' dir='ltr'>quatuor</span> <span class='ocrx_word' id='word_1_238' title='bbox 2089 2811 2364 2878; x_wconf 85' lang='lat' dir='ltr'>millium</span> <span class='ocrx_word' id='word_1_239' title='bbox 2410 2822 2478 2879; x_wconf 90' lang='lat' dir='ltr'>et</span> <span class='ocrx_word' id='word_1_240' title='bbox 2519 2815 2707 2899; x_wconf 88' lang='lat' dir='ltr'>quin·</span> 
     </span>
     <span class='ocr_line' id='line_1_30' title="bbox 318 2898 2710 2984; baseline 0 -20"><span class='ocrx_word' id='word_1_241' title='bbox 318 2909 661 2984; x_wconf 87' lang='lat' dir='ltr'>gentarum</span> <span class='ocrx_word' id='word_1_242' title='bbox 733 2920 1096 2964; x_wconf 88' lang='lat' dir='ltr'>marcarum</span> <span class='ocrx_word' id='word_1_243' title='bbox 1158 2901 1413 2984; x_wconf 87' lang='lat' dir='ltr'>argenti</span> <span class='ocrx_word' id='word_1_244' title='bbox 1470 2899 1541 2963; x_wconf 93' lang='lat' dir='ltr'>in</span> <span class='ocrx_word' id='word_1_245' title='bbox 1605 2899 1869 2980; x_wconf 83' lang='lat' dir='ltr'>castris,</span> <span class='ocrx_word' id='word_1_246' title='bbox 1935 2898 2426 2980; x_wconf 89' lang='lat' dir='ltr'>munitionibus,</span> <span class='ocrx_word' id='word_1_247' title='bbox 2494 2899 2710 2983; x_wconf 88' lang='lat' dir='ltr'>bonis,</span> 
     </span>
     <span class='ocr_line' id='line_1_31' title="bbox 318 2981 2708 3073; baseline 0 -23"><span class='ocrx_word' id='word_1_248' title='bbox 318 2983 840 3072; x_wconf 27' lang='lat' dir='ltr'>possessi-onibus</span> <span class='ocrx_word' id='word_1_249' title='bbox 886 2995 952 3051; x_wconf 89' lang='lat' dir='ltr'>et</span> <span class='ocrx_word' id='word_1_250' title='bbox 994 2986 1141 3052; x_wconf 86' lang='lat' dir='ltr'>aliis</span> <span class='ocrx_word' id='word_1_251' title='bbox 1174 2985 1526 3072; x_wconf 85' lang='lat' dir='ltr'>praedictis</span> <span class='ocrx_word' id='word_1_252' title='bbox 1572 2994 1881 3072; x_wconf 89' lang='lat' dir='ltr'>poterunt</span> <span class='ocrx_word' id='word_1_253' title='bbox 1927 2986 2230 3073; x_wconf 88' lang='lat' dir='ltr'>deputari</span> <span class='ocrx_word' id='word_1_254' title='bbox 2280 2981 2384 3051; x_wconf 91' lang='lat' dir='ltr'>vel</span> <span class='ocrx_word' id='word_1_255' title='bbox 2431 2985 2708 3052; x_wconf 87' lang='lat' dir='ltr'>haberi:</span> 
     </span>
     <span class='ocr_line' id='line_1_32' title="bbox 318 3069 2707 3160; baseline 0 -22"><span class='ocrx_word' id='word_1_256' title='bbox 318 3095 406 3138; x_wconf 83' lang='lat' dir='ltr'>ex</span> <span class='ocrx_word' id='word_1_257' title='bbox 446 3083 608 3138; x_wconf 79' lang='lat' dir='ltr'>tunc</span> <span class='ocrx_word' id='word_1_258' title='bbox 653 3069 817 3137; x_wconf 83' lang='lat' dir='ltr'>illud</span> <span class='ocrx_word' id='word_1_259' title='bbox 866 3072 1129 3139; x_wconf 89' lang='lat' dir='ltr'>domino</span> <span class='ocrx_word' id='word_1_260' title='bbox 1177 3074 1316 3160; x_wconf 88' lang='lat' dir='ltr'>regi</span> <span class='ocrx_word' id='word_1_261' title='bbox 1368 3071 1724 3138; x_wconf 87' lang='lat' dir='ltr'>Bohemiae</span> <span class='ocrx_word' id='word_1_262' title='bbox 1771 3072 1854 3138; x_wconf 88' lang='lat' dir='ltr'>de</span> <span class='ocrx_word' id='word_1_263' title='bbox 1887 3074 2240 3160; x_wconf 83' lang='lat' dir='ltr'>praedictis</span> <span class='ocrx_word' id='word_1_264' title='bbox 2265 3071 2517 3155; x_wconf 82' lang='lat' dir='ltr'>castris,</span> <span class='ocrx_word' id='word_1_265' title='bbox 2567 3096 2707 3138; x_wconf 88' lang='lat' dir='ltr'>mu·</span> 
     </span>
     <span class='ocr_line' id='line_1_33' title="bbox 318 3158 2708 3246; baseline 0 -21"><span class='ocrx_word' id='word_1_266' title='bbox 318 3158 699 3235; x_wconf 88' lang='lat' dir='ltr'>nitionibus,</span> <span class='ocrx_word' id='word_1_267' title='bbox 762 3158 1307 3246; x_wconf 87' lang='lat' dir='ltr'>possessionibus,</span> <span class='ocrx_word' id='word_1_268' title='bbox 1378 3159 1700 3224; x_wconf 88' lang='lat' dir='ltr'>reditibus</span> <span class='ocrx_word' id='word_1_269' title='bbox 1769 3169 1832 3224; x_wconf 90' lang='lat' dir='ltr'>et</span> <span class='ocrx_word' id='word_1_270' title='bbox 1901 3159 2048 3225; x_wconf 88' lang='lat' dir='ltr'>aliis</span> <span class='ocrx_word' id='word_1_271' title='bbox 2096 3159 2450 3246; x_wconf 88' lang='lat' dir='ltr'>praedictis</span> <span class='ocrx_word' id='word_1_272' title='bbox 2494 3182 2708 3226; x_wconf 89' lang='lat' dir='ltr'>rema-</span> 
     </span>
     <span class='ocr_line' id='line_1_34' title="bbox 318 3244 2706 3334; baseline 0.001 -22"><span class='ocrx_word' id='word_1_273' title='bbox 318 3245 525 3331; x_wconf 83' lang='lat' dir='ltr'>nebit,</span> <span class='ocrx_word' id='word_1_274' title='bbox 571 3246 748 3334; x_wconf 91' lang='lat' dir='ltr'>quod</span> <span class='ocrx_word' id='word_1_275' title='bbox 793 3247 1163 3333; x_wconf 88' lang='lat' dir='ltr'>praedictus</span> <span class='ocrx_word' id='word_1_276' title='bbox 1208 3247 1453 3312; x_wconf 85' lang='lat' dir='ltr'>arbiter</span> <span class='ocrx_word' id='word_1_277' title='bbox 1514 3244 1618 3313; x_wconf 90' lang='lat' dir='ltr'>vel</span> <span class='ocrx_word' id='word_1_278' title='bbox 1665 3269 1888 3312; x_wconf 91' lang='lat' dir='ltr'>eorum</span> <span class='ocrx_word' id='word_1_279' title='bbox 1935 3247 2149 3334; x_wconf 88' lang='lat' dir='ltr'>major</span> <span class='ocrx_word' id='word_1_280' title='bbox 2193 3270 2343 3332; x_wconf 89' lang='lat' dir='ltr'>pars</span> <span class='ocrx_word' id='word_1_281' title='bbox 2379 3248 2706 3330; x_wconf 89' lang='lat' dir='ltr'>jusserint</span> 
     </span>
     <span class='ocr_line' id='line_1_35' title="bbox 319 3333 2708 3421; baseline 0 -21"><span class='ocrx_word' id='word_1_282' title='bbox 319 3334 427 3400; x_wconf 85' lang='lat' dir='ltr'>vel</span> <span class='ocrx_word' id='word_1_283' title='bbox 460 3334 740 3421; x_wconf 85' lang='lat' dir='ltr'>jusserit</span> <span class='ocrx_word' id='word_1_284' title='bbox 781 3335 1275 3416; x_wconf 87' lang='lat' dir='ltr'>remanendum,</span> <span class='ocrx_word' id='word_1_285' title='bbox 1321 3333 1507 3399; x_wconf 88' lang='lat' dir='ltr'>silvis</span> <span class='ocrx_word' id='word_1_286' title='bbox 1574 3334 1661 3400; x_wconf 87' lang='lat' dir='ltr'>ad</span> <span class='ocrx_word' id='word_1_287' title='bbox 1722 3341 1952 3411; x_wconf 88' lang='lat' dir='ltr'>castra,</span> <span class='ocrx_word' id='word_1_288' title='bbox 2005 3335 2400 3402; x_wconf 85' lang='lat' dir='ltr'>munitiones</span> <span class='ocrx_word' id='word_1_289' title='bbox 2447 3344 2514 3400; x_wconf 90' lang='lat' dir='ltr'>et</span> <span class='ocrx_word' id='word_1_290' title='bbox 2557 3358 2708 3421; x_wconf 88' lang='lat' dir='ltr'>pos·</span> 
     </span>
     <span class='ocr_line' id='line_1_36' title="bbox 318 3420 2712 3508; baseline -0 -20"><span class='ocrx_word' id='word_1_291' title='bbox 318 3423 645 3488; x_wconf 86' lang='lat' dir='ltr'>sessiones</span> <span class='ocrx_word' id='word_1_292' title='bbox 704 3420 1187 3506; x_wconf 83' lang='lat' dir='ltr'>spectantibus,</span> <span class='ocrx_word' id='word_1_293' title='bbox 1256 3423 1325 3487; x_wconf 87' lang='lat' dir='ltr'>in</span> <span class='ocrx_word' id='word_1_294' title='bbox 1385 3420 1626 3508; x_wconf 89' lang='lat' dir='ltr'>quibus</span> <span class='ocrx_word' id='word_1_295' title='bbox 1689 3443 2071 3506; x_wconf 85' lang='lat' dir='ltr'>magnarum</span> <span class='ocrx_word' id='word_1_296' title='bbox 2118 3420 2403 3486; x_wconf 71' lang='lat' dir='ltr'>terarum</span> <span class='ocrx_word' id='word_1_297' title='bbox 2451 3424 2712 3487; x_wconf 87' lang='lat' dir='ltr'>venati-</span> 
     </span>
     <span class='ocr_line' id='line_1_37' title="bbox 322 3507 2706 3596; baseline -0.001 -20"><span class='ocrx_word' id='word_1_298' title='bbox 322 3529 483 3576; x_wconf 86' lang='lat' dir='ltr'>ones</span> <span class='ocrx_word' id='word_1_299' title='bbox 527 3517 683 3574; x_wconf 90' lang='lat' dir='ltr'>sunt</span> <span class='ocrx_word' id='word_1_300' title='bbox 742 3507 1009 3574; x_wconf 87' lang='lat' dir='ltr'>habitae</span> <span class='ocrx_word' id='word_1_301' title='bbox 1068 3507 1153 3574; x_wconf 88' lang='lat' dir='ltr'>ab</span> <span class='ocrx_word' id='word_1_302' title='bbox 1214 3510 1488 3594; x_wconf 90' lang='lat' dir='ltr'>antiquo</span> <span class='ocrx_word' id='word_1_303' title='bbox 1550 3507 1894 3574; x_wconf 81' lang='lat' dir='ltr'>dumtaxat</span> <span class='ocrx_word' id='word_1_304' title='bbox 1952 3511 2266 3596; x_wconf 84' lang='lat' dir='ltr'>exeeptis,</span> <span class='ocrx_word' id='word_1_305' title='bbox 2329 3530 2497 3596; x_wconf 90' lang='lat' dir='ltr'>quae</span> <span class='ocrx_word' id='word_1_306' title='bbox 2569 3531 2706 3575; x_wconf 90' lang='lat' dir='ltr'>non</span> 
     </span>
     <span class='ocr_line' id='line_1_38' title="bbox 322 3594 2024 3682; baseline -0.001 -20"><span class='ocrx_word' id='word_1_307' title='bbox 322 3595 571 3663; x_wconf 90' lang='lat' dir='ltr'>debent</span> <span class='ocrx_word' id='word_1_308' title='bbox 612 3595 772 3660; x_wconf 81' lang='lat' dir='ltr'>mihi</span> <span class='ocrx_word' id='word_1_309' title='bbox 815 3597 885 3659; x_wconf 90' lang='lat' dir='ltr'>in</span> <span class='ocrx_word' id='word_1_310' title='bbox 930 3594 1298 3681; x_wconf 86' lang='lat' dir='ltr'>praedictos</span> <span class='ocrx_word' id='word_1_311' title='bbox 1341 3595 1593 3660; x_wconf 86' lang='lat' dir='ltr'>reditus</span> <span class='ocrx_word' id='word_1_312' title='bbox 1639 3597 2024 3682; x_wconf 89' lang='lat' dir='ltr'>computari.</span> 
     </span>
    </p>

    <p class='ocr_par' dir='ltr' id='par_1_6' title="bbox 310 3680 2754 4031">
     <span class='ocr_line' id='line_1_39' title="bbox 495 3680 2694 3770; baseline 0 -22"><span class='ocrx_word' id='word_1_313' title='bbox 495 3682 645 3769; x_wconf 79' lang='lat' dir='ltr'>(X.)</span> <span class='ocrx_word' id='word_1_314' title='bbox 690 3682 1039 3748; x_wconf 87' lang='lat' dir='ltr'>Praeterea</span> <span class='ocrx_word' id='word_1_315' title='bbox 1063 3682 1436 3748; x_wconf 87' lang='lat' dir='ltr'>hominibus</span> <span class='ocrx_word' id='word_1_316' title='bbox 1474 3691 1539 3748; x_wconf 90' lang='lat' dir='ltr'>et</span> <span class='ocrx_word' id='word_1_317' title='bbox 1577 3680 2056 3748; x_wconf 88' lang='lat' dir='ltr'>habitatoribus</span> <span class='ocrx_word' id='word_1_318' title='bbox 2081 3682 2402 3749; x_wconf 90' lang='lat' dir='ltr'>bonorum</span> <span class='ocrx_word' id='word_1_319' title='bbox 2429 3692 2494 3750; x_wconf 89' lang='lat' dir='ltr'>et</span> <span class='ocrx_word' id='word_1_320' title='bbox 2542 3705 2694 3770; x_wconf 79' lang='lat' dir='ltr'>pos-</span> 
     </span>
     <span class='ocr_line' id='line_1_40' title="bbox 318 3769 2754 3856; baseline -0.001 -20"><span class='ocrx_word' id='word_1_321' title='bbox 318 3772 689 3836; x_wconf 85' lang='lat' dir='ltr'>sessionum</span> <span class='ocrx_word' id='word_1_322' title='bbox 734 3770 1235 3856; x_wconf 87' lang='lat' dir='ltr'>praedictarum,</span> <span class='ocrx_word' id='word_1_323' title='bbox 1298 3791 1466 3856; x_wconf 89' lang='lat' dir='ltr'>quae</span> <span class='ocrx_word' id='word_1_324' title='bbox 1512 3769 1598 3833; x_wconf 89' lang='lat' dir='ltr'>ad</span> <span class='ocrx_word' id='word_1_325' title='bbox 1645 3791 1748 3834; x_wconf 88' lang='lat' dir='ltr'>me</span> <span class='ocrx_word' id='word_1_326' title='bbox 1794 3791 1911 3855; x_wconf 91' lang='lat' dir='ltr'>per</span> <span class='ocrx_word' id='word_1_327' title='bbox 1955 3771 2533 3835; x_wconf 87' lang='lat' dir='ltr'>commutationem</span> <span class='ocrx_word' id='word_1_328' title='bbox 2580 3769 2699 3836; x_wconf 90' lang='lat' dir='ltr'>hu·</span> <span class='ocrx_word' id='word_1_329' title='bbox 2751 3771 2754 3774; x_wconf 76' lang='grc'><strong>’</strong></span> 
     </span>
     <span class='ocr_line' id='line_1_41' title="bbox 310 3855 2703 3946; baseline -0 -22"><span class='ocrx_word' id='word_1_330' title='bbox 310 3855 1108 3944; x_wconf 73' lang='lat' dir='ltr'>jusmodidevolventur,</span> <span class='ocrx_word' id='word_1_331' title='bbox 1158 3859 1272 3942; x_wconf 86' lang='lat' dir='ltr'>jus</span> <span class='ocrx_word' id='word_1_332' title='bbox 1332 3857 1386 3922; x_wconf 90' lang='lat' dir='ltr'>si</span> <span class='ocrx_word' id='word_1_333' title='bbox 1433 3855 1609 3942; x_wconf 86' lang='lat' dir='ltr'>quod</span> <span class='ocrx_word' id='word_1_334' title='bbox 1655 3856 1966 3942; x_wconf 77' lang='lat' dir='ltr'>deinceps</span> <span class='ocrx_word' id='word_1_335' title='bbox 2011 3857 2281 3934; x_wconf 86' lang='lat' dir='ltr'>dedero,</span> <span class='ocrx_word' id='word_1_336' title='bbox 2345 3856 2511 3923; x_wconf 91' lang='lat' dir='ltr'>illud</span> <span class='ocrx_word' id='word_1_337' title='bbox 2559 3858 2703 3946; x_wconf 90' lang='lat' dir='ltr'>ipse</span> 
     </span>
     <span class='ocr_line' id='line_1_42' title="bbox 324 3943 1648 4031; baseline -0.003 -21"><span class='ocrx_word' id='word_1_338' title='bbox 324 3945 631 4010; x_wconf 74' lang='lat' dir='ltr'>dominus</span> <span class='ocrx_word' id='word_1_339' title='bbox 675 3965 797 4009; x_wconf 85' lang='lat' dir='ltr'>rex</span> <span class='ocrx_word' id='word_1_340' title='bbox 840 3943 1222 4029; x_wconf 84' lang='lat' dir='ltr'>dignabitur</span> <span class='ocrx_word' id='word_1_341' title='bbox 1265 3945 1648 4031; x_wconf 84' lang='lat' dir='ltr'>approbare.</span> 
     </span>
    </p>

    <p class='ocr_par' dir='ltr' id='par_1_7' title="bbox 318 4029 2702 4376">
     <span class='ocr_line' id='line_1_43' title="bbox 498 4029 2693 4118; baseline -0 -20"><span class='ocrx_word' id='word_1_342' title='bbox 498 4032 675 4118; x_wconf 88' lang='lat' dir='ltr'>(XI.)</span> <span class='ocrx_word' id='word_1_343' title='bbox 723 4030 1021 4097; x_wconf 77' lang='lat' dir='ltr'>Contulit</span> <span class='ocrx_word' id='word_1_344' title='bbox 1065 4031 1223 4096; x_wconf 91' lang='lat' dir='ltr'>mihi</span> <span class='ocrx_word' id='word_1_345' title='bbox 1265 4033 1536 4118; x_wconf 87' lang='lat' dir='ltr'>insuper</span> <span class='ocrx_word' id='word_1_346' title='bbox 1574 4039 1640 4095; x_wconf 90' lang='lat' dir='ltr'>et</span> <span class='ocrx_word' id='word_1_347' title='bbox 1678 4029 2030 4097; x_wconf 87' lang='lat' dir='ltr'>heredibus</span> <span class='ocrx_word' id='word_1_348' title='bbox 2075 4031 2237 4096; x_wconf 88' lang='lat' dir='ltr'>meis</span> <span class='ocrx_word' id='word_1_349' title='bbox 2285 4031 2693 4098; x_wconf 84' lang='lat' dir='ltr'>advocatiam</span> 
     </span>
     <span class='ocr_line' id='line_1_44' title="bbox 320 4116 2702 4206; baseline 0.001 -23"><span class='ocrx_word' id='word_1_350' title='bbox 320 4119 393 4184; x_wconf 88' lang='lat' dir='ltr'>in</span> <span class='ocrx_word' id='word_1_351' title='bbox 457 4117 923 4185; x_wconf 87' lang='lat' dir='ltr'>Lutemuschel</span> <span class='ocrx_word' id='word_1_352' title='bbox 979 4119 1049 4182; x_wconf 87' lang='lat' dir='ltr'>in</span> <span class='ocrx_word' id='word_1_353' title='bbox 1108 4117 1279 4184; x_wconf 89' lang='lat' dir='ltr'>idem</span> <span class='ocrx_word' id='word_1_354' title='bbox 1340 4116 1820 4194; x_wconf 87' lang='lat' dir='ltr'>concambium,</span> <span class='ocrx_word' id='word_1_355' title='bbox 1882 4127 1946 4184; x_wconf 91' lang='lat' dir='ltr'>et</span> <span class='ocrx_word' id='word_1_356' title='bbox 1989 4119 2294 4206; x_wconf 87' lang='lat' dir='ltr'>promisit</span> <span class='ocrx_word' id='word_1_357' title='bbox 2338 4118 2522 4185; x_wconf 89' lang='lat' dir='ltr'>nulla</span> <span class='ocrx_word' id='word_1_358' title='bbox 2568 4141 2702 4186; x_wconf 89' lang='lat' dir='ltr'>ser-</span> 
     </span>
     <span class='ocr_line' id='line_1_45' title="bbox 318 4202 2702 4292; baseline 0 -18"><span class='ocrx_word' id='word_1_359' title='bbox 318 4207 485 4274; x_wconf 85' lang='lat' dir='ltr'>vitia</span> <span class='ocrx_word' id='word_1_360' title='bbox 528 4215 643 4273; x_wconf 88' lang='lat' dir='ltr'>aut</span> <span class='ocrx_word' id='word_1_361' title='bbox 687 4207 1037 4292; x_wconf 83' lang='lat' dir='ltr'>petitiones</span> <span class='ocrx_word' id='word_1_362' title='bbox 1080 4227 1315 4290; x_wconf 85' lang='lat' dir='ltr'>graves</span> <span class='ocrx_word' id='word_1_363' title='bbox 1374 4215 1604 4272; x_wconf 87' lang='lat' dir='ltr'>contra</span> <span class='ocrx_word' id='word_1_364' title='bbox 1647 4202 1908 4271; x_wconf 86' lang='lat' dir='ltr'>abbatis</span> <span class='ocrx_word' id='word_1_365' title='bbox 1967 4215 2033 4271; x_wconf 90' lang='lat' dir='ltr'>et</span> <span class='ocrx_word' id='word_1_366' title='bbox 2075 4205 2352 4273; x_wconf 85' lang='lat' dir='ltr'>fratrum</span> <span class='ocrx_word' id='word_1_367' title='bbox 2375 4205 2702 4292; x_wconf 73' lang='lat' dir='ltr'>ejusdem</span> 
     </span>
     <span class='ocr_line' id='line_1_46' title="bbox 324 4289 1910 4376; baseline -0.006 -11"><span class='ocrx_word' id='word_1_368' title='bbox 324 4294 707 4365; x_wconf 83' lang='lat' dir='ltr'>monasterii</span> <span class='ocrx_word' id='word_1_369' title='bbox 752 4293 1155 4359; x_wconf 86' lang='lat' dir='ltr'>voluntatem</span> <span class='ocrx_word' id='word_1_370' title='bbox 1202 4295 1465 4376; x_wconf 80' lang='lat' dir='ltr'>exigere</span> <span class='ocrx_word' id='word_1_371' title='bbox 1512 4289 1596 4356; x_wconf 90' lang='lat' dir='ltr'>ab</span> <span class='ocrx_word' id='word_1_372' title='bbox 1642 4290 1910 4358; x_wconf 89' lang='lat' dir='ltr'>eisdem.</span> 
     </span>
    </p>
   </div>
  </div>
 </body>
</html>
