3150 5017
1179 321 1617 393 —93-

379 755 532 820 ΧΠ.
628 754 715 823 Si.
783 756 930 842 quis
1007 777 1162 822 vero
1239 756 1336 821 al-

223 843 330 906 teri
389 842 813 909 hereditatem
869 865 1054 908 suam
1117 865 1337 909 coram

215 929 446 1012 judicio
491 931 616 995 rite
638 931 1093 1015 resignaverit,
1118 953 1336 1016 recep.-

221 1022 312 1080 tor
349 1023 606 1082 tenetur
635 1019 794 1084 dare
815 1017 1028 1103 judici
1058 1016 1198 1083 XII
1229 1018 1339 1082 de-

221 1105 440 1186 narios,
500 1105 740 1189 juratis
768 1104 1074 1179 -totidem,
1138 1107 1338 1192 scrip-

223 1191 332 1254 tori
371 1189 556 1256 duos.

365 1363 548 1431 XIII.
611 1369 671 1446 ξ.
724 1371 781 1430 1.
867 1365 937 1432 Si
983 1366 1132 1452 quis
1186 1387 1337 1451 que·

221 1451 541 1518 rimoniam
589 1473 776 1516 suam
820 1451 906 1516 ad
950 1453 1199 1536 juratos
1231 1452 1338 1518 de·

223 1535 480 1618 duxerit,
539 1547 612 1604 et
669 1541 725 1602 si
787 1539 915 1604 sibi
973 1561 1194 1606 coram
1232 1541 1336 1625 ju-

223 1621 350 1689 dice
369 1625 474 1692 vel
487 1626 734 1712 juratis
779 1626 1121 1708 astiterint,
1176 1648 1336 1712 que·

221 1711 476 1778 rimonia
519 1730 646 1778 sua
689 1711 1116 1799 praevalebit.

379 3363 437 3442 §-
483 3362 543 3428 3.
591 3359 798 3445 (Haec
821 3362 1144 3448 estforma
1156 3363 1342 3445 jura-

221 3449 462 3530 meum:
528 3447 714 3534 „Ego
761 3469 910 3512 eum
971 3449 1342 3534 juramento

220 3534 688 3621 comprehendo
713 3583 731 3617 ,
793 3535 969 3621 quod
1027 3535 1156 3600 feci
1199 3535 1340 3601 Do-

219 3619 382 3685 mino
439 3621 588 3687 Deo
651 3633 718 3687 et
779 3622 1051 3687 domino·
1119 3629 1342 3688 nostro

219 3707 344 3789 regi
401 3717 466 3772 et
524 3707 734 3791 vobis,
797 3709 1058 3774 domine
1109 3709 1342 3794 judex,

222 3797 285 3886 et
319 3795 476 3859 meis
523 3797 902 3881 conjuratis,
934 3795 1112 3881 quod
1140 3794 1344 3862 verba

221 3873 326 3941 illa
357 3880 538 3964 justa
583 3890 736 3947 sunt
781 3891 846 3948 et
889 3883 1138 3948 veral‘st

377 3966 566 4034 XIV.
612 3968 716 4033 De
761 3970 940 4034 omni
967 3969 1342 4054 juramento

223 4050 387 4132 quod
427 4075 650 4120 coram
695 4053 939 4141 judicio
975 4055 1190 4140 jurari
1232 4055 1340 4121 de·

221 4130 346 4218 bet,
385 4141 436 4203 si
481 4140 566 4206 de
597 4143 810 4226 gratia
831 4141 1216 4209 dimittitur:
1249 4144 1344 4228 ju-

225 4215 351 4288 diei
388 4227 619 4294 cedent
663 4227 803 4294 XII
847 4227 1118 4311 denarii,
1145 4229 1343 4313 serip-

219 4311 338 4374 tori
353 4309 494 4397 duo,
507 4313 722 4382 abillo
739 4316 852 4402 qui
859 4317 1086 4403 jurare
1102 4315 1349 4383 debuit.

1447 517 1568 584 per
1626 497 1879 582 juratos
1937 494 2089 562 illos
2134 495 2579 579 nihilominus,

1449 583 1562 670 qui
1608 581 2077 668 obligationem
2106 583 2355 671 recipit,
2394 583 2586 670 justi-

1448 671 1610 736 tiam
1654 690 1841 736 suam
1890 669 2235 738 obtinebit.
2447 691 2463 696 ”

1618 757 1775 824 XII.
1820 759 1921 822 De
1948 759 2369 843 reei9na'tione
2411 758 2585 822 here-

1440 845 1717 909 ditatum
1760 844 2052 930 alicujus,
2142 846 2215 909 Si
2252 845 2429 930 -quis
2496 843 2587 912 al-

1442 931 1561 996 teri
1632 931 2057 998 hereditatem
2117 953 2303 998 suam
2364 953 2585 998 coram

1435 1018 1693 1104 judicio
1754 1019 1877 1084 rite
1942 1019 2410 1103 resignaverit,
2486 1039 2585 1084 re-

1449 1113 1677 1192 ceptor
1719 1113 1978 1170 tenetur
2024 1106 2182 1171 dare
2220 1105 2419 1170 ‘udici
2445 1103 2587 1168 XII

1446 1191 1772 1274 denarios,
1808 1193 2047 1279 juratis
2064 1195 2184 1258 toti
2234 1215 2358 1275 em,
2384 1193 2585 1277 serip-

1441 1279 1566 1343 tori
1612 1275 1797 1343 duos.

1619 1366 1810 1431 XIII.
1873 1369 1933 1447 ξ.
2001 1367 2055 1429 1.
2122 1365 2192 1430 Si
2238 1366 2383 1452 quis
2430 1386 2584 1452 que-

1444 1453 1791 1517 rimoniam
1838 1475 2023 1517 suam
2070 1453 2152 1517 ad
2193 1453 2447 1537 juratos
2473 1452 2581 1515 de-

1445 1540 1726 1621 duxerit,
1798 1547 1863 1604 et
1930 1538 2054 1603 sibi
2101 1561 2319 1604 coram
2356 1537 2585 1625 judice

1442 1626 1551 1692 vel
1604 1627 1848 1712 juratis
1910 1627 2305 1708 asstiterint,
2370 1625 2583 1712 queri-

1444 1715 1667 1778 monia
1711 1734 1829 1777 sua
1873 1712 2299 1801 praevalebit,
2348 1717 2443 1777 sie
2487 1711 2585 1777 vi-

1444 1800 1718 1866 delicet:
1796 1799 1867 1864 Si
1932 1799 2129 1865 fuerit
2188 1800 2269 1864 de
2329 1798 2585 1865 actibus

1446 1887 1822 1951 enormibus
1905 1886 2009 1950 vel
2087 1887 2169 1951 de
2244 1887 2584 1972 promissis

1443 1973 1635 2038 factis
1695 1995 1912 2038 eoram
1963 1974 2204 2059 juratis
2251 1996 2292 2037 a
2349 1974 2575 2058 judice

1444 2061 1665 2125 missis
1732 2059 1841 2124 vel
1900 2061 2206 2145 precibus
2275 2057 2583 2140 obtentis,

1445 2147 1562 2212 sed
1651 2167 1784 2211 non
1872 2145 2274 2232 quibuslibet
2361 2145 2583 2211 verbis

1445 2235 1670 2298 otiosis
1691 2235 1761 2298 in
1784 2231 1927 2298 foro
1949 2232 2057 2299 vel
2074 2234 2146 2297 in
2160 2230 2451 2297 tabernis
2476 2253 2583 2296 ca-

1446 2319 1720 2385 sualiter
1763 2320 2137 2404 ventilatis;
2182 2320 2339 2384 item
2376 2320 2439 2382 -si
2486 2341 2585 2384 re-

1447 2407 1779 2493 spondens
1797 2428 2020 2472 carere
2043 2405 2360 2472 noluerit:
2394 2426 2583 2493 opor-

1445 2493 1610 2560 tebit
1689 2496 1947 2580 juratos
2030 2493 2323 2560 obtinere
2403 2494 2584 2580 jura-

1447 2590 1688 2661 ment0,
1750 2581 1928 2666 quod
1992 2589 2335 2646 testantur.
2412 2585 2489 2663 §.-
2521 2581 2581 2644 2.

1446 2667 1612 2732 Item
1662 2669 1715 2731 si
1762 2669 1911 2754 quis
1948 2668 2314 2753 juratorum
2383 2669 2581 2733 inter·

1446 2763 1713 2840 rogatus
1801 2776 1920 2841 pro
2010 2756 2335 2821 sententia
2399 2753 2582 2818 illam

1446 2841 1803 2906 induciare·
1832 2841 1918 2906 ad
1964 2840 2438 2928 inaniloquium
2464 2861 2579 2904 ve-

1446 2927 1540 3010 lit,
1594 2929 1971 3014 juramento
2031 2927 2344 3008 obtineat,
2406 2925 2585 3013 quod

1444 3013 1563 3080 illa
1606 3015 1752 3080 vice
1796 3016 1994 3080 talem
2043 3016 2447 3080 sentenciam
2470 3034 2584 3078 ne-

1447 3110 1645 3188 queat
1700 3099 2017 3183 inv'enire‚
2077 3110 2145 3166 et
2216 3100 2303 3166 ad
2360 3100 2485 3164 hoc
2544 3120 2587 3164 a

1438 3189 1680 3274 juratis
1740 3186 1846 3253 vel
1912 3210 1953 3252 a
2010 3195 2317 3253 movente
2364 3187 2581 3273 queri-

1444 3276 1733 3340 moniam
1756 3273 1865 3341 vel
1895 3297 1934 3338 a
1971 3273 2197 3360 judice
2236 3273 2583 3361 compella-

1447 3369 1572 3426 tur.
1625 3365 1685 3443 ἓ.
1733 3363 1793 3426 3.
1836 3362 2095 3442 (Modus
2132 3371 2189 3426 et
2218 3363 2449 3448 forma
2466 3364 2584 3446 Ju-

1445 3449 1647 3512 randi
1668 3450 2019 3533 ajuratis):
2044 3448 2584 3534 „Egosscumjura-

1449 3546 1667 3600 mento
1713 3535 2211 3621 comprehendo,
2258 3535 2434 3620 quod
2458 3534 2587 3599 feci

1447 3622 1735 3687 Domino
1799 3621 1965 3704 Deo,
2026 3622 2291 3685 domino
2357 3628 2581 3684 nostro

1448 3711 1589 3794 regi
1649 3715 1715 3772 et
1775 3707 1985 3790 vobis,
2028 3707 2310 3772 >domine
2346 3705 2579 3792 judex,

1447 3804 1514 3860 et
1558 3795 1721 3860 meis
1766 3795 2141 3881 conjuratis,
2202 3793 2380 3880 quod
2441 3813 2584 3858 ver-

1446 3881 1533 3948 ba
1576 3880 1695 3947 illa
1728 3881 1913 3965 justa
1954 3890 2109 3946 sunt
2152 3888 2220 3946 et
2263 3881 2492 3946 vei-affl

1618 3968 1793 4036 XIV.
1836 3967 1937 4032 De
1998 3968 2363 4032 remissione
2388 3971 2584 4052 jura-

1445 4057 1652 4120 mcmi.
1761 4054 1866 4119 De
1947 4055 2126 4135 omni
2185 4054 2584 4140 juramento,
2666 4060 2670 4064 ’

1449 4142 1627 4228 quod
1687 4162 1903 4208 coram
1959 4140 2214 4227 judicio
2272 4142 2415 4208 fieri
2476 4143 2585 4208 de-

1453 4228 1599 4309 bet,
1670 4229 1727 4292 si
1792 4226 1874 4293 de
1938 4229 2151 4314 gratia
2219 4228 2583 4312 dimittitur,

1446 4313 1661 4406 judici
1768 4313 2009 4382 cedunt
2094 4315 2219 4384 XII
2314 4315 2585 4398 denarii,
