3150 5017
1504 287 1981 353 -170—
2108 321 2139 356 «e

554 461 615 524 si
660 467 879 526 autem
923 457 1115 545 apud
1143 459 1359 546 ipsum
1406 479 1541 524 non
1570 459 1770 525 fuerit
1832 461 2174 525 inventum
2219 459 2354 525 tale
2397 457 2902 531 insu-amentum,

548 547 703 632 jure
746 567 864 610 suo
895 545 1148 610 fruatur
1192 566 1347 632 pars
1390 554 1686 630 utraque.

735 633 834 698 17.
882 630 1135 712 Quodsi
1177 652 1299 718 per
1342 630 1637 696 duellum
1681 632 1876 697 amici
1937 632 2139 697 occisi
2181 653 2367 698 reum
2411 636 2763 716 negantem
2797 646 2899 692 vo·

555 715 703 781 lunt
744 719 1157 799 convincere,
1201 725 1270 783 et
1311 725 1755 804 pervenerunt
1795 717 1881 782 ad
1903 739 2114 783 annos
2136 718 2382 799 viriles,
2427 715 2705 803 propria
2723 731 2902 778 manu

552 801 986 953 pugnabulnt3
1039 805 1098 869 si
1140 825 1298 870 vero
1343 805 1628 869 minores
1687 805 1882 870 annis
1939 803 2204 887 fuerint,
2265 803 2558 892 pugilem
2621 805 2903 887 poterunt

600 911 676 954 ro
722 910 793 954 se
886 909 1019 955 are.

554 910 601 975 p
732 977 831 1041 18.
880 973 1129 1057 Quodsi
1173 975 1368 1041 amici
1436 974 1635 1040 occisi
1693 996 1828 1040 non
1873 997 1992 1062 per
2037 997 2346 1062 pugnam,
2408 973 2529 1042 sed
2592 993 2710 1060 per
2770 989 2903 1055 que·

554 1058 765 1126 relam
807 1061 1176 1147 simplicem
1236 1060 1601 1147 procedant
1657 1071 1888 1126 contra
1931 1081 2144 1145 reum,
2217 1069 2285 1128 et
2345 1063 2491 1148 ipse
2568 1079 2720 1125 reus
2775 1076 2903 1120 cum

554 1155 804 1231 septem
850 1147 1013 1213 viris
1056 1147 1309 1212 idoneis
1378 1169 1448 1212 se
1514 1149 1755 1232 poterit
1812 1165 2202 1233 expurgare,
2271 1146 2442 1212 liber
2488 1147 2648 1229 erit3
2706 1141 2812 1208 sed
2847 1140 2899 1204 si

554 1231 885 1314 defecerit,
931 1233 1407 1299 insufficienter
1452 1253 1522 1298 se
1566 1233 2019 1319 expurgando,
2067 1231 2528 1300 decollabitur.

735 1319 835 1383 19.
880 1318 1047 1385 Item
1108 1320 1165 1383 si
1222 1317 1369 1404 quis
1428 1318 1715 1405 aliquem
1774 1318 2072 1385 membro
2129 1318 2554 1398 mutilaverit,
2617 1323 2688 1382 et
2740 1310 2909 1378 muti·

557 1403 734 1470 latus
778 1424 911 1469 non
958 1416 1271 1492 provocet
1314 1403 1400 1468 ad
1446 1425 1757 1490 pugnam,
1819 1427 1978 1470 reus
2035 1427 2106 1470 se
2167 1407 2448 1490 septima
2507 1422 2715 1467 manu
2752 1399 2908 1464 viro-

556 1511 701 1556 rum
746 1489 1136 1556 idoneorum
1193 1493 1624 1576 expurgavit3
1685 1491 1755 1554 in
1798 1512 1928 1577 quo
1985 1492 2042 1556 si
2087 1490 2421 1565 defecerit,
2483 1509 2689 1553 manu
2753 1494 2912 1549 trun-

556 1575 832 1657 cabitur,
858 1575 965 1640 vel
990 1577 1219 1641 decem
1240 1578 1542 1640 marchas
1564 1575 1866 1642 exsolvet
1887 1597 2008 1663 pro
2045 1577 2348 1653 emenda,
2393 1576 2586 1660 eujus
2609 1570 2910 1639 emendae

557 1661 727 1727 duae
772 1671 990 1748 partes
1056 1661 1301 1728 eedunt
1357 1662 1571 1748 judici
1639 1674 1704 1728 et
1745 1665 1941 1728 tertia
1983 1660 2182 1740 laeso,
2227 1670 2295 1728 et
2337 1682 2492 1728 reus
2559 1654 2918 1726 emendabit

554 1749 703 1834 ipso
746 1745 929 1812 laeso
958 1747 1061 1813 'sd
1106 1747 1452 1813 arbitrium
1497 1747 1853 1835 proborum
1901 1749 2216 1818 virorum.
2291 1769 2295 1772 ’

602 1865 605 1868 ’
734 1832 839 1898 20.
884 1833 1055 1899 Item
1100 1835 1160 1898 si
1188 1833 1431 1899 vulnus
1474 1833 1810 1912 inflixerit,
1855 1833 2033 1921 quod
2077 1843 2180 1901 est
2201 1834 2481 1919 dignum
2524 1850 2782 1918 pugnax
2822 1825 2915 1892 vel

558 1919 757 1984 tertia
798 1938 999 1984 manu
1042 1941 1115 1986 se
1158 1941 1311 1986 reus
1370 1919 1788 2007 expurgabit,
1848 1918 1958 1986 vel
1994 1922 2152 2006 jura
2208 1920 2560 1987 vulnerum
2606 1911 2922 2005 praedicta

602 2006 862 2071 atietur.

553 2023 601 2091 P
730 2092 836 2157 21.
898 2091 1068 2157 Item
1137 2093 1193 2156 si
1252 2093 1401 2178 quis
1468 2091 1736 2178 aliquod
1793 2089 2157 2157 membrum
2217 2091 2490 2176 fregerit
2549 2089 2919 2175 cujusquam

556 2177 701 2243 sine
746 2178 1088 2262 sanguinis
1148 2178 1499 2259 effusione,
1563 2188 1630 2243 et
1689 2179 1908 2263 ipsum
1964 2177 2336 2244 membrum
2395 2176 2600 2241 fuerit
2704 2181 2918 2238 estmo-

556 2261 710 2327 dum
757 2272 1155 2328 resanatum:
1200 2285 1349 2328 cum
1393 2262 1608 2328 tribus
1651 2265 1813 2328 viris
1857 2263 2114 2329 idoneis
2160 2285 2314 2330 reus
2337 2285 2412 2328 se
2452 2197 2781 2349 purgabit,
2826 2253 2916 2322 vel

552 2348 847 2434 judicem
894 2357 961 2412 et
1004 2357 1290 2414 actorem
1338 2349 1560 2414 debito
1607 2349 1804 2415 modo
1849 2347 2310 2435 complacabit.

734 2430 838 2498 22.
880 2432 1049 2500 Item
1118 2435 1175 2500 si
1238 2434 1629 2502 vulneratus
1687 2457 1728 2500 a
1787 2456 2178 2522 quocunque
2235 2455 2396 2522 prae
2441 2430 2760 2520 superbia
2799 2447 2913 2496 non

564 2521 991 2605 conqueritur
1031 2519 1391 2586 laesionem
1422 2541 1609 2586 suam
1653 2522 1725 2585 in
1769 2522 2070 2609 proximo
2104 2521 2364 2607 judicio
2407 2529 2559 2606 post
2603 2522 2918 2598 acceptum

562 2603 840 2670 vulnus:
886 2627 963 2671 eo
1007 2609 1153 2692 ipso
1200 2627 1385 2672 suam
1440 2610 1674 2693 perdet
1731 2608 1802 2672 in
1844 2616 2180 2695 posterum
2227 2607 2579 2686 actionem,
2643 2611 2716 2669 et
2752 2601 2916 2667 satis·

557 2689 759 2755 >faciet
793 2691 1025 2776 judici,
1084 2702 1281 2779 prout
1339 2695 1484 2781 ipse
1527 2692 1742 2759 laesor
1799 2701 1868 2759 et
1907 2715 2060 2759 reus
2104 2692 2326 2759 facere
2383 2690 2729 2760 debuisset
2783 2706 2915 2752 con-

560 2777 791 2841 victus.

732 2867 839 2928 23.
882 2861 1050 2928 Item
1095 2863 1153 2927 si
1212 2864 1359 2948 quis
1416 2862 1706 2948 aliquem
1769 2862 2179 2929 baculaverit
2237 2862 2348 2928 vel
2411 2857 2910 2948 colaphizaverit

558 2954 678 3011 aut
720 2946 915 3012 aliter
954 2946 1125 3012 male
1183 2951 1570 3014 tractaverit
1628 2950 1770 3014 sine
1811 2950 2157 3034 sanguinis
2202 2948 2542 3025 effusione,
2603 2955 2672 3012 et
2711 2944 2912 3010 laesus

559 3033 631 3098 in
676 3035 885 3120 primo
920 3033 1175 3118 judicio
1217 3055 1353 3100 non
1398 3037 1850 3120 conqueritur:
1891 3043 2098 3100 totam
2142 3036 2216 3099 in
2257 3041 2592 3120 posterum
2639 3027 2910 3119 perdidit

564 3121 909 3184 actionem.

736 3205 840 3268 24.
887 3203 1052 3288 Item
1099 3204 1154 3268 si
1202 3206 1350 3291 quis
1393 3203 1684 3291 aliquem
1749 3227 1831 3272 ex
1886 3206 2225 3293 proposita
2285 3203 2538 3270 malitia
2589 3197 2921 3269 debacula·

556 3291 758 3370 verit,
801 3288 909 3354 vel
955 3288 1150 3356 aliter
1190 3289 1363 3354 male
1406 3293 1810 3373 tractaverit,
1869 3299 1936 3356 et
1994 3300 2179 3356 actor
2236 3289 2524 3379 probare
2581 3311 2721 3354 non
2765 3293 2925 3374 pote-

559 3377 674 3457 rit,
717 3375 833 3439 sed
877 3395 1029 3440 reus
1072 3376 1448 3460 negaverit:
1494 3378 1766 3462 propria
1783 3398 1986 3441 manu
2031 3399 2102 3442 se
2134 3376 2478 3464 purgabit3
2527 3375 2651 3442 sed
2695 3374 2754 3440 si
2795 3392 2926 3438 con·

552 3461 775 3526 ¹vietus
820 3461 1017 3526 fuerit
1056 3483 1099 3526 a
1141 3461 1353 3527 tribus
1396 3460 1652 3526 idoneis
1695 3462 1989 3545 testibus,
2051 3465 2344 3550 quinque
2387 3461 2643 3528 talenta
2687 3458 2926 3526 solvere

560 3545 761 3613 debet
794 3546 1009 3632 judici
1055 3556 1121 3613 et
1166 3547 1528 3612 satisfaciet
1571 3546 1771 3614 laeso.

732 3633 840 3698 25.
882 3632 1055 3698 Item
1098 3633 1170 3697 in
1216 3653 1608 3719 quacunque
1651 3633 1928 3698 honesta
1970 3653 2172 3700 causa
2213 3635 2318 3698 vir
2361 3633 2450 3698 ali
2500 3634 2607 3698 uis
2652 3632 2796 3698 vita
2834 3626 2927 3696 vel

558 3715 759 3785 rebus
801 3719 1109 3784 meruerit
1152 3717 1645 3805 condempnari:
1689 3721 1883 3784 tertia
1921 3741 2077 3806 pars
2121 3720 2416 3784 omnium
2511 3739 2797 3786 enorum
2837 3735 2926 3781 su-

557 3823 751 3868 orum
816 3803 1153 3889 legitimae
1226 3803 1417 3870 cedet
1460 3825 1618 3870 suae
1661 3805 1851 3868 uxori
1873 3851 1888 3881 ‚
1951 3805 2054 3869 IV
2116 3804 2510 3871 criminibus
2599 3802 2919 3892 exceptis:

550 3888 829 3976 praeda,
873 3911 991 3955 seu
1034 3890 1364 3972 incendio,
1410 3889 1767 3956 homicidio
1812 3897 1878 3954 et
1921 3891 2194 3956 crimine
2239 3890 2414 3956 falsi.

733 3975 839 4040 26.
894 3975 1062 4041 Item
1125 3985 1279 4042 sunt
1334 3976 1403 4041 in
1464 3997 1640 4041 anno
1696 3976 1825 4040 tria
1872 3975 2130 4062 judicia
2193 3975 2465 4062 publica
2487 4025 2505 4059 ,
2569 3997 2746 4064 quae
2803 3993 2924 4062 pru·

561 4059 1055 4127 nunciabuntur
1093 4063 1167 4126 in
1212 4061 1492 4129 eeclesia
1536 4062 1694 4127 etin
1739 4060 1912 4143 foro3
1959 4063 2242 4148 primum
2282 4071 2437 4149 post
2479 4063 2770 4130 Natales
2812 4062 2923 4127 Do-

558 4144 1143 4296 ιᾶἱιιέὶροοιιηᾱαω
1190 4157 1340 4235 post
1380 4146 1656 4230 Pascha,
1699 4147 1964 4214 tertium
2023 4155 2173 4232 post
2217 4149 2460 4218 festum
2523 4149 2767 4217 Sancti
2821 4146 2917 4213 Mi-

548 4247 557 4254 ·
649 4250 689 4297 a
756 4251 837 4294 ns.

3071 3643 3074 3862 J
