3150 5017
1443 314 1922 381 ...444-

492 486 999 555 testimonialem
1046 486 1289 553 habeat
1332 486 1630 569 eandem,
1677 508 1873 574 quam
1898 488 2062 553 civis
2093 486 2334 574 aliquis
2378 508 2464 552 ex
2507 487 2670 571 ipsis
2713 486 2878 552 civi-

494 575 739 642 tatibus
784 596 901 662 pro
948 575 1391 640 mercimoniis
1445 574 1689 659 hospiti
1743 596 1864 640 suo
1923 574 2009 640 ad
2068 584 2288 661 partes
2357 573 2731 660 praedictas
2777 572 2880 637 di·

495 664 795 729 noscitur
837 662 1241 745 destinass03
1294 670 1362 727 et
1404 663 1461 727 si
1504 659 1746 748 aliquis
1791 663 1963 728 civis
2009 660 2494 748 praedictarum
2540 661 2882 725 civitatum

498 748 723 837 aliqua
768 750 1196 815 mercimonia
1238 749 1380 814 sine
1438 747 1615 814 dicta
1682 747 1874 815 litera
1915 754 1986 814 in
2046 750 2224 836 ipsas
2269 750 2568 814 civitates
2613 746 2696 813 de
2739 747 2882 834 qui-

497 837 886 923 buscunque
952 832 1337 921 regionibus
1402 834 1705 917 duxerit,
1777 835 1888 901 ille
1947 836 2122 901 idem
2196 837 2360 901 civis
2425 842 2558 900 tres
2625 855 2888 899 marcas

498 923 753 1009 argenti
798 933 865 990 et
908 924 1208 1010 quintum
1255 921 1598 989 denarium
1645 922 1727 988 de
1772 921 2212 987 mercimoniis
2259 920 2564 988 adductis
2609 921 2886 987 nomine

502 1031 755 1099 poenae
799 1008 959 1075 dare
1003 1017 1069 1076 et
1114 1008 1459 1075 exsolvere
1502 1016 1826 1075 teneatur.

674 1102 731 1161 5.
776 1096 1165 1163 Statuerunt
1206 1098 1426 1179 etiam,
1470 1104 1544 1162 ut
1574 1117 1724 1166 cum
1769 1097 2192 1183 praescriptis
2237 1096 2468 1182 poenis
2515 1094 2702 1176 muri,
2745 1103 2889 1161 tur-

506 1206 631 1267 res,
656 1193 891 1270 pontes
907 1183 1116 1265 fracti,
1142 1186 1310 1267 viae,
1334 1185 1608 1249 semitae
1621 1191 1686 1248 et
1699 1184 1816 1249 alii
1835 1182 2133 1250 defectus
2149 1183 2489 1249 civitatum
2506 1183 2892 1269 quicunque

504 1272 766 1353 fuerint,
811 1269 1098 1336 debeant
1138 1271 1493 1337 emendari.

678 1364 739 1424 7.
784 1358 1092 1423 Proterea
1150 1356 1475 1440 volumus,
1534 1364 1610 1421 ut
1665 1355 2004 1444 praedicta
2063 1363 2308 1423 statuta
2351 1354 2438 1420 ad
2479 1355 2891 1421 Reinherum

506 1445 589 1513 de
630 1444 968 1510 Florentia
1012 1452 1078 1509 et
1122 1444 1206 1510 ad
1229 1445 1373 1532 ejus
1398 1445 1776 1510 societatem
1800 1465 1866 1509 se
1890 1443 2310 1531 aliquatenus
2331 1464 2466 1509 non
2495 1444 2890 1521 extendant.

676 1533 815 1598 Nos
874 1539 1091 1597 autem
1149 1531 1632 1619 praedictorum
1691 1531 1936 1596 civium
1995 1529 2588 1617 supplicationibus
2645 1532 2714 1595 in
2761 1529 2894 1597 hac

503 1626 690 1706 parte
732 1617 1189 1685 favorabiliter
1246 1618 1567 1694 inclinati,
1631 1617 1972 1705 praedicta
2027 1625 2275 1683 statuta
2335 1626 2527 1703 prout
2585 1619 2896 1703 superius

504 1714 657 1772 sunt
700 1726 1035 1793 expressa,
1079 1705 1387 1772 volumus
1448 1714 1512 1771 et
1574 1704 1965 1771 mandamus
2009 1702 2481 1770 inviolabiliter
2525 1705 2892 1771 observari.

676 1792 757 1859 In
801 1813 1077 1878 quorum
1140 1794 1431 1859 omnium
1491 1792 1946 1858 testimonium
2007 1799 2075 1858 et
2117 1790 2318 1857 robur
2361 1799 2678 1878 perpetuo
2721 1792 2894 1856 vali-

503 1886 725 1945 turum
770 1886 1154 1967 praesentes
1201 1880 1423 1947 literas
1455 1880 1600 1946 fieri
1643 1886 1710 1945 et
1755 1877 1990 1964 sigillis
2033 1878 2400 1965 Majestatis
2445 1886 2712 1945 nostrae
2745 1879 2898 1965 jus·

506 1988 711 2033 sunus
755 1988 1167 2034 communlrl.

1540 2156 1854 2171 ῳ

1626 2348 1769 2413 107.

621 2519 1048 2605 conventio
1102 2521 1318 2604 inter
1368 2518 1790 2603 Albertum
1840 2542 2108 2625 regem
2139 2518 2658 2605 Romanorum
2711 2524 2798 2607 et

1337 2640 1884 2727 wenceslaum
1923 2641 2062 2727 ΠΙ.

1420 2834 1606 2917 1305,
1658 2835 1758 2900 18.
1806 2834 1977 2919 Aug.

924 2972 1121 3023 Pertzii
1153 2972 1306 3023 Mon.
1336 2971 1512 3024 Germ.
1550 2972 1858 3023 Histoi-ica:
1894 2972 2065 3038 Leges
2099 2972 2171 3023 ΙΙ.
2198 2987 2322 3039 pag.
2356 2974 2478 3027 486.

682 3089 821 3155 Nos
872 3087 1194 3156 Albertus
1216 3089 1346 3155 Dei
1374 3090 1589 3176 gratia
1609 3089 2052 3157 Romanorum
2099 3110 2219 3156 rex
2249 3112 2510 3179 semper
2529 3092 2900 3180 Augustus.

682 3175 792 3242 Ad
817 3177 1281 3243 universorum
1307 3175 1607 3241 notitiam
1634 3186 1860 3243 tenore
1905 3179 2350 3264 praesentium
2395 3179 2704 3246 volumus
2747 3203 2900 3268 per·

506 3263 755 3347 venire,
803 3262 981 3350 quod
1024 3284 1225 3349 super
1269 3261 1619 3346 discordia,
1659 3283 1827 3350 quae
1871 3265 2042 3329 inter
2099 3286 2236 3330 nos·
2267 3286 2354 3331 ex
2396 3287 2531 3331 una
2595 3276 2782 3355 parte
2827 3277 2900 3335 et

504 3348 827 3416 illustrem
874 3348 1208 3435 quondam
1254 3349 1720 3416 Wenceslaum
1770 3349 2124 3416 Bohemiae
2164 3351 2607 3439 Poloniaeque
2667 3376 2894 3439 regem

507 3457 587 3502 ex
628 3435 839 3502 altera
883 3436 1284 3517 vertebatur,
1352 3436 1507 3502 dum
1577 3438 1765 3515 vixit,
1833 3459 1980 3503 cum
2051 3440 2198 3525 ejus
2243 3438 2378 3504 filio
2423 3438 2668 3505 illustri
2690 3440 2894 3508 Wen-

511 3523 726 3590 ceslao
772 3522 1127 3589 Bohemiae
1171 3524 1614 3609 Poloniaeque
1659 3545 1831 3610 rege,
1878 3523 2200 3589 avunculo
2225 3533 2291 3591 et
2315 3527 2616 3615 principe
2663 3537 2894 3594 nostro

508 3611 868 3693 carissimo,
915 3609 1001 3674 ad
1062 3611 1483 3686 concordiae,
1533 3631 1732 3696 quam
1793 3633 1938 3675 cum
1987 3632 2066 3677 eo
2111 3614 2366 3677 cunctis
2411 3612 2648 3679 diebus
2714 3616 2894 3681 vitae

507 3706 772 3764 nostrae
816 3717 1078 3762 servare
1121 3696 1298 3763 bona
1342 3698 1471 3764 fide
1509 3699 1970 3783 promittimus,
2017 3697 2408 3764 devenimus
2452 3701 2804 3765 unionem:

681 3784 759 3867 (Ι.
836 3784 1056 3848 Primo
1103 3783 1279 3870 quod
1326 3786 1541 3850 omnis
1601 3806 1932 3861 excessus,
1994 3786 2050 3851 si
2095 3807 2258 3873 quos
2317 3787 2530 3873 ipsius
2573 3789 2888 3853 avunculi

508 3873 714 3937 nostri
820 3870 1117 3937 chemise
1162 3892 1241 3936 ac
1283 3870 1599 3937 Poloniae
1659 3874 1833 3957 regis
1887 3874 2149 3957 genitor
2209 3873 2587 3960 praedictus
2630 3876 2699 3939 in
2747 3897 2888 3957 nos,

506 3959 614 4025 vel
688 3958 1045 4047 Imperium
1116 3979 1511 4048 quocunque
1578 3959 1774 4023 modo
1841 3961 2186 4041 commisit,
2257 3981 2369 4047 pro
2421 3969 2522 4025 ter
2585 3983 2753 4049 quos
2817 3964 2890 4027 in

506 4048 722 4134 ipsum
769 4047 1132 4134 genitorem
1179 4067 1369 4113 suum
1416 4054 1643 4111 nostra
1701 4044 1932 4131 legalis
1991 4048 2322 4112 sententia
2408 4055 2518 4112 ata
2575 4048 2684 4113 vel
2733 4051 2888 4114 ban·

508 4156 665 4200 num
712 4133 1195 4221 promulgatum
1255 4133 1553 4216 fuissent,
1599 4154 1768 4218 quae
1835 4134 1981 4198 e'us
2039 4156 2107 4198 se
2165 4134 2600 4219 extenderent
2643 4136 2728 4200 ad
2775 4135 2886 4200 he-

507 4221 717 4303 redes,
774 4219 1187 4371 praedictum
1244 4220 1712 4288 Wenceslaum
1776 4221 1874 4286 Bo
1925 4222 2132 4285 emiae
2193 4229 2259 4285 et
2303 4219 2616 4287 Poloniae
2661 4244 2880 4308 regem

506 4329 771 4372 avuncu
801 4329 911 4374 um
957 4316 1273 4392 nostrum,
1336 4308 1656 4395 praedicti
1719 4306 2052 4394 quondam
2101 4308 2482 4375 Wenceslai
2524 4308 2884 4377 Bohemiae
