3150 5017
577 290 848 340 man.
1518 306 1606 321 ·-—
1690 266 1820 336 402
1907 306 1990 321 —

752 452 812 529 §-
860 448 917 511 1.
962 445 1085 511 Est
1127 454 1347 510 autem
1406 447 1705 532 probatio
1750 448 1844 511 rei
1891 443 2131 511 dubiae
2175 444 2464 529 legitime
2507 442 2679 509 facta
2727 442 2929 507 decla-

582 537 782 615 rati03
844 556 947 598 res
1008 533 1183 596 enim
1234 531 1445 617 judici
1490 530 1834 620 probanda
1895 540 2010 615 est,
2073 532 2226 597 lieet
2284 530 2369 597 ad
2413 530 2539 596 hoc
2581 530 2934 597 adversarii

464 656 473 663 -
495 627 509 654 ⁴
580 622 948 707 praesentia
990 622 1312 705 exigatur.

750 970 811 1049 ξ.
860 966 920 1031 2.
1008 965 1117 1030 Fit
1158 967 1335 1031 enim
1396 964 1697 1051 probatio
1757 966 1980 1049 multis
2039 967 2272 1048 modis,
2335 964 2587 1031 scilicet
2645 964 2938 1047 testibus,

572 1053 1046 1136 instrumentis,
1067 1052 1517 1139 jureJurandO,
1541 1052 1926 1139 privilegiis,
1951 1064 2015 1119 et
2043 1054 2594 1139 'praesumptione
2619 1051 2938 1131 violenta3

579 1150 765 1205 actor
807 1141 982 1204 enim
1046 1139 1223 1226 quod
1283 1148 1673 1222 asseruerat,
1733 1140 2016 1226 probare
2060 1148 2322 1207 tenetur
2366 1140 2597 1207 ordine
2641 1139 2942 1224 regulari,

578 1249 655 1293 eo
700 1226 877 1314 quod
922 1229 1226 1313 negantis
1270 1227 1513 1291 factum
1576 1249 1693 1314 per
1752 1248 1968 1292 rerum
2029 1237 2333 1294 naturam
2404 1227 2590 1292 nulla
2657 1236 2763 1292 est
2803 1248 2942 1312 pro·

574 1314 775 1380 batio.
818 1313 1013 1380 Unde
1058 1317 1365 1399 negativa
1410 1314 1653 1379 directe
1699 1336 2034 1399 nunquam
2067 1324 2278 1400 potest
2301 1314 2588 1400 probari,
2635 1313 2758 1379 sed
2801 1334 2943 1377 cum

577 1400 777 1466 habet
834 1402 902 1467 in
966 1422 1037 1467 se
1096 1402 1556 1467 affirmativam
1625 1400 1984 1485 inclusam3
2051 1411 2128 1467 ut
2183 1402 2240 1465 si
2293 1409 2476 1482 petat
2533 1402 2866 1466 Martinus
2909 1422 2944 1463 a

577 1488 770 1553 Petro
816 1486 1040 1555 decem
1086 1488 1289 1554 libras
1334 1509 1730 1575 grossorum,
1777 1510 1942 1575 quas
1985 1489 2113 1554 sibi
2158 1488 2519 1573 Pragae·in
2543 1488 2716 1555 festo
2763 1486 2945 1551 Beati

576 1574 953 1643 wenceslai
1000 1578 1341 1655 mutuavit,
1385 1575 1621 1641 Petrus
1666 1596 1820 1640 vero
1868 1576 2179 1663 negando
2225 1574 2393 1640 illud
2441 1575 2764 1655 debitum,
2811 1596 2946 1661 pro·

578 1662 689 1727 bet
732 1684 803 1727 se
847 1684 965 1749 per
1010 1671 1215 1727 totum
1260 1662 1426 1727 illud
1471 1662 1710 1727 festum
1755 1664 2034 1727 Brunna
2079 1663 2370 1745 stetisse;
2416 1663 2523 1728 vel
2591 1664 2646 1727 si
2720 1662 2946 1726 Petrus

575 1750 880 1835 negando
925 1746 1088 1813 illud
1133 1748 1445 1831 debitum,
1506 1750 1683 1837 quod
1741 1752 1906 1835 petit
1964 1750 2308 1824 Martinus,
2373 1749 2605 1835 probat
2667 1771 2744 1814 se
2789 1748 2945 1833 legi-

575 1838 730 1902 time
800 1835 1232 1921 persolvisse;
1298 1836 1423 1901 hoc
1482 1836 1677 1901 modo
1737 1834 2058 1903 indirecte
2124 1836 2443 1923 probatur
2500 1835 2948 1922 irregulariter

575 1926 901 2009 negativa,
950 1925 1139 2009 cujus
1184 1923 1545 1990 secundum
1608 1931 1908 1988 naturam
1952 1923 2140 1989 nulla
2183 1932 2282 1989 est
2339 1925 2656 2011 probatio,
2733 1923 2851 1989 sed
2894 1923 2948 1987 ei

572 2011 897 2098 incumbit
939 2010 1254 2096 probati0,
1300 2013 1412 2096 qui
1448 2011 1634 2092 dicit,
1680 2032 1814 2075 non
1859 2012 1941 2092 ei,
1985 2012 2099 2097 qui
2143 2020 2360 2097 negat.

750 2098 803 2182 ἓ.
850 2099 909 2163 3.
956 2098 1085 2165 Sed
1131 2120 1278 2163 cum
1326 2099 1533 2183 magis
1572 2099 1819 2163 veritas
1863 2098 2122 2163 oculata
2165 2098 2315 2179 fide,
2348 2120 2545 2185 quam
2592 2119 2714 2184 per
2764 2117 2946 2161 aures

574 2186 810 2250 animis
888 2185 1225 2249 hominum
1292 2184 1634 2269 infigatur,
1701 2185 1852 2250 ideo
1917 2186 2358 2250 necessarium
2425 2187 2740 2250 duximus
2813 2191 2949 2268 post

572 2280 919 2337 tractatum
943 2272 1139 2357 hujus
1160 2273 1473 2337 materiae
1518 2271 1841 2358 exemplis
1873 2275 2066 2338 etiam
2116 2273 2581 2345 demonstrare,
2629 2280 2947 2358 quatenus

577 2360 831 2446 possint
854 2380 983 2423 non
1008 2359 1218 2423 solum
1242 2359 1530 2439 auribus,
1578 2358 1694 2425 sed
1733 2361 1931 2425 etiam
1969 2361 2377 2446 inspectione
2408 2358 2751 2425 oculorum
2777 2359 2948 2443 igno-

579 2455 800 2511 rantes
860 2446 1125 2509 modum
1167 2445 1440 2509 istarum
1501 2446 1959 2531 probationum
2022 2450 2115 2511 sic
2173 2448 2588 2512 verissimum
2649 2448 2946 2512 retinere.

752 2534 807 2617 ξ.
867 2533 927 2596 4.
1029 2532 1168 2597 Nec
1210 2531 1450 2618 aliquis
1509 2533 1596 2597 ad
1653 2532 2068 2620 probandum
2127 2532 2525 2614 admittatur,
2607 2534 2723 2620 qui
2805 2552 2944 2618 pro-

580 2618 732 2684 bato
777 2616 1031 2683 nullum
1078 2619 1341 2684 offerret
1383 2617 1855 2685 adminiculum
1901 2642 2057 2687 suae
2103 2642 2379 2701 causae;
2425 2620 2590 2686 nibil
2636 2622 2820 2685 enim
2845 2640 2946 2683 va-

577 2706 671 2771 let
714 2712 1081 2791 expectare,
1128 2706 1242 2769 ubi
1288 2726 1420 2769 non
1480 2708 1738 2791 proficit
1797 2716 2240 2795 expectatum,
2302 2717 2369 2773 et
2426 2719 2774 2795 peccatum
2857 2714 2946 2769 est

578 2793 721 2857 fieri
764 2812 885 2877 per
926 2792 1135 2879 plura,
1181 2793 1357 2879 quod
1400 2793 1543 2859 fieri
1587 2797 1827 2879 poterit
1870 2817 1987 2881 per
2029 2799 2359 2882 pauciora.

751 2884 811 2961 ξ.
857 2880 917 2944 5.
963 2878 1227 2945 Debent
1270 2882 1540 2967 insuper
1584 2882 2006 2968 probationes
2042 2884 2241 2969 juxta
2285 2881 2801 2968 descriptionem
2857 2878 2945 2943 di-

448 3026 456 3036 .
577 2988 810 3033 vorum
855 2966 1523 3053 Imperatorum.esse
1569 2970 1655 3033 ab
1700 2973 1878 3035 omni
1923 2970 2119 3035 dubio
2165 2972 2489 3057 expiatae,
2533 2968 2946 3053 fulgentique

578 3054 828 3119 lumine
872 3054 1117 3119 similes
1162 3054 1439 3119 elucere.
1484 3055 1650 3137 Quis
1697 3059 1871 3121 enim
1902 3057 2027 3122 hoc
2071 3058 2393 3143 approbat
2437 3076 2637 3121 sanae
2683 3055 2945 3134 mentis,

585 3152 656 3206 ut
700 3163 873 3206 unus
916 3143 1103 3206 testis
1148 3144 1552 3229 appretiatus
1598 3146 1807 3229 pretio
1868 3154 1980 3209 aut
2023 3146 2238 3209 victus
2305 3142 2606 3230 precibus
2666 3142 2949 3207 alterum

577 3230 847 3294 vincat?
888 3250 1040 3294 nam
1086 3228 1248 3295 nibil
1301 3232 1515 3295 carius
1562 3233 1820 3310 emitur,
1867 3253 2062 3318 quam
2097 3230 2275 3317 quod
2301 3230 2603 3316 precibus
2626 3230 2944 3315 impetra-

578 3326 701 3383 tur.
746 3316 1201 3403 Undecunque
1244 3325 1466 3381 tamen
1510 3316 1624 3382 ille
1667 3320 1854 3382 testis
1899 3319 2140 3399 veniat,
2187 3326 2300 3383 aut
2344 3320 2542 3382 etiam
2590 3324 2942 3403 quantum·

580 3424 840 3489 cunque
898 3414 1092 3469 notus
1138 3412 1203 3468 et
1248 3403 1559 3469 idoneus:
1619 3406 1688 3468 in
1751 3403 2215 3485 contractibus,
2276 3406 2512 3491 quibus
2557 3424 2692 3467 non
2740 3402 2942 3480 affuit,

577 3511 703 3555 nec
744 3489 1004 3565 viderit,
1049 3511 1175 3555 nec
1218 3490 1498 3557 audierit
1542 3492 1928 3558 contrahere
1973 3491 2326 3577 litigantes,
2387 3512 2512 3555 nec
2557 3491 2758 3555 etiam
2805 3486 2943 3553 red-

579 3577 717 3641 dita
760 3578 1014 3641 ratione
1059 3577 1282 3663 aliqua
1325 3578 1425 3641 sui
1471 3576 1630 3643 dicti
1675 3579 1912 3645 debeat
1957 3578 2299 3664 perhibere
2343 3580 2792 3644 testimonium
2842 3598 2940 3640 ve-

578 3665 775 3744 ritati,
821 3683 991 3750 quae
1035 3664 1104 3727 in
1151 3663 1274 3729 hac
1320 3674 1501 3748 parte
1545 3666 1674 3752 ipsi
1741 3667 2002 3752 penitus
2047 3674 2147 3730 est
2207 3665 2439 3731 aliena.
2529 3665 2697 3729 Nam
2747 3673 2941 3728 testes

578 3751 1029 3836 interrogandi
1075 3760 1227 3816 sunt
1271 3752 1441 3816 inter
1502 3762 1760 3834 cetera„
1787 3775 1876 3819 aa
1908 3752 2216 3833 viderint,
2265 3775 2350 3817 an
2385 3751 2784 3831 audiverint,
2831 3771 2942 3836 per

578 3860 744 3924 qnae
788 3838 992 3902 verba
1038 3838 1484 3903 contraxerint
1524 3838 1624 3903 liti
1673 3847 1890 3921 antes,
1941 3851 2133 3925 prout
2192 3839 2414 3905 Sancti
2474 3837 2939 3923 Evangelistae

578 3946 768 3990 suum
814 3926 1261 3989 testimonium
1306 3926 1609 3990 affirman
1660 3948 1697 3989 o
1759 3927 2099 3992 dixerunt:
2169 3926 2402 4008 „Quod
2462 3925 2770 4007 vidimus,
2819 3924 2937 3986 sci-

580 4034 745 4093 mus,
792 4020 857 4077 et
901 4013 1077 4097 quod
1121 4013 1383 4093 scimus,
1428 4020 1766 4093 testamur,
1814 4023 1878 4078 et
1898 4015 2338 4079 testimonium
2384 4021 2679 4077 nostrum
2711 4031 2935 4076 verum

578 4102 736 4164 est.“
828 4099 1007 4186 Ergo
1053 4122 1093 4165 a
1135 4099 1459 4164 contrario
1505 4122 1722 4169 sensu.
1769 4101 1944 4187 quod
1990 4109 2090 4165 est
2133 4101 2199 4164 in
2249 4102 2401 4183 jure
2468 4098 2935 4163 validissimum

575 4194 1033 4272 argumentum
1058 4234 1077 4269 ,
1136 4208 1401 4250 causam
1460 4188 1828 4272 ignorantis
1913 4187 2148 4253 falsum
2207 4197 2305 4251 est
2371 4187 2814 4251 testimonium
2877 4192 2936 4247 et

578 4273 725 4358 lege
798 4272 1025 4339 divina
1088 4271 1509 4360 prohibitum,
1574 4294 1694 4360 per
1762 4296 2026 4341 manum
2093 4273 2457 4339 infallibilis
2523 4274 2827 4338 vivorum
2872 4278 2931 4335 et
