3150 5017
995 355 1039 388 ο
1171 322 1645 389 -169-

408 500 462 563 5.
500 492 661 559 Item
705 500 780 558 ut
820 494 891 559 in
936 492 1165 559 eodem
1210 493 1379 561 festo
1424 515 1654 561 omnes
1678 502 1928 561 stantes
1958 494 2045 561 ad
2071 495 2282 565 forum
2329 506 2396 565 et
2440 518 2594 565 ven·-

259 582 464 647 dentes
504 600 609 645 res
654 601 854 666 super
897 600 1181 662 mensas,
1225 580 1295 645 in
1338 580 1635 660 alveolis,
1680 581 1788 647 vel
1833 581 2218 669 capisteriis,
2263 584 2370 650 vel
2416 605 2594 651 men-

256 670 401 735 suris
440 665 953 753 quibuscunque,
998 666 1257 732 solvant
1299 668 1368 732 in
1415 689 1619 733 censu
1661 676 1795 733 tres
1839 667 2168 735 denarios.

400 754 461 818 6.
500 751 690 835 Item,
738 762 809 817 ut
852 759 1131 839 quatuor
1175 752 1574 833 molendina,
1636 754 1890 819 civitati
1931 754 2326 840 adjacentia,
2367 756 2438 821 in
2487 776 2594 821 eo·

256 840 379 905 dem
420 838 581 903 festo
626 836 888 905 solvant
929 838 1126 905 talem
1172 860 1476 905 censum:
1522 838 1745 905 Unum
1769 838 2092 906 fertonem
2138 850 2204 907 et
2247 839 2592 907 dimidium

256 925 496 1011 argenti,
568 922 753 988 aliud
828 923 1146 991 fertonem
1208 946 1409 990 unum
1430 972 1449 1009 ,
1515 927 1779 992 tertium
1842 926 2186 993 dimidium
2246 927 2592 1011 fertonem,

256 1019 522 1098 quartum
565 1008 873 1077 lotonem.

396 1096 453 1162 7.
494 1094 665 1161 Item
708 1105 783 1161 ut
824 1095 1027 1161 silvas
1071 1105 1137 1161 et
1194 1116 1442 1183 pascua
1485 1091 1698 1163 eidem
1759 1098 2108 1163 attinentia
2165 1098 2418 1165 civitati
2462 1098 2592 1185 ipsi

253 1184 405 1247 cives
445 1203 593 1246 cum
638 1183 819 1247 omni
862 1182 1247 1269 possideant
1288 1182 1616 1249 libertate.

394 1269 451 1333 8.
493 1268 683 1347 Item,
746 1276 819 1333 ut
858 1268 1033 1334 infra
1077 1268 1356 1334 milliare
1402 1270 1576 1334 circa
1620 1268 1864 1335 Lubsiz
1909 1268 2132 1335 nullus
2154 1269 2398 1335 audeat
2439 1267 2589 1335 bra·

247 1376 403 1419 seam
445 1375 859 1441 praeparare,
904 1354 1014 1421 vel
1058 1354 1422 1438 bracseare,
1467 1354 1575 1421 vel
1619 1354 1910 1441 aliquod.
1947 1355 2256 1423 manuale
2301 1356 2593 1421 officium

250 1460 547 1506 exercere.

394 1527 451 1589 9.
496 1524 685 1601 Item,
744 1525 920 1612 quod
982 1524 1215 1609 scolas,
1277 1527 1565 1591 officium
1627 1528 2110 1613 campanatoris
2169 1534 2236 1593 et
2295 1528 2580 1612 pastoris

246 1632 524 1697 pecorum
570 1632 721 1676 cum
767 1611 1042 1678 consilio
1089 1613 1329 1678 civium
1376 1634 1639 1699 semper
1680 1612 1977 1679 conferat
2020 1613 2400 1680 advocatus.

391 1697 489 1762 10.
532 1696 614 1761 In
648 1697 923 1783 judiciis
966 1707 1185 1765 autem
1232 1700 1396 1765 haec
1430 1700 1592 1785 jura
1635 1708 1906 1765 teneant
1937 1698 2328 1784 judicando.

391 1783 485 1849 11.
531 1781 753 1847 Primo
798 1784 1081 1870 quidem,
1140 1787 1197 1851 si
1241 1787 1389 1872 quis
1435 1807 1668 1872 pacem
1723 1785 1852 1850 Dei
1901 1794 1968 1851 et
2011 1784 2261 1851 domini
2303 1785 2478 1871 regis
2523 1792 2591 1851 et

248 1869 425 1953 ipsius
510 1870 797 1934 civitatis
884 1870 1232 1954 violando,
1266 1892 1465 1957 .quen
1520 1892 1674 1937 uam
1762 1870 2252 1938 vulneraverit:
2341 1892 2588 1957 expur-

246 1974 377 2038 gare
418 1975 489 2019 se
534 1976 671 2019 non
716 1958 973 2041 poterit,
1042 1958 1161 2024 sed
1220 1960 1439 2045 potius
1524 1957 1868 2041 egitimum
1913 1966 2142 2021 contra
2186 1976 2256 2022 se
2300 1960 2592 2022 testimo·

244 2041 395 2105 nium
441 2039 816 2108 sustinebit.
862 2041 930 2108 Si
958 2042 1176 2108 laesus
1222 2064 1369 2109 cum
1416 2051 1669 2128 septem
1713 2042 1873 2107 viris
1917 2042 2174 2107 idoneis
2221 2063 2292 2107 se
2335 2042 2590 2107 laesum

244 2125 311 2190 ab
348 2125 458 2192 illo
498 2127 903 2213 probaverit,
959 2127 1071 2195 ille
1116 2130 1215 2194 sic
1259 2130 1600 2195 convictus
1642 2126 1838 2194 debet
1883 2128 2216 2194 decollari.
2309 2128 2427 2195 Sin
2473 2148 2588 2192 au·

242 2220 349 2275 tem
391 2211 612 2279 laesus
656 2212 833 2301 quod
876 2212 1122 2301 objicit,
1168 2213 1448 2303 probare
1506 2236 1642 2280 non
1686 2215 1946 2301 poterit,
2007 2235 2156 2279 reus
2216 2212 2386 2279 liber
2444 2214 2587 2297 erit,

243 2298 354 2448 seg·
392 2320 509 2401 pro
574 2302 849 2367 vulnere
908 2302 1300 2367 met-tertius
1350 2301 1610 2387 jurabit
1669 2300 1775 2367 vel
1835 2300 2202 2366 satisfaciet
2259 2298 2440 2366 laeso
2499 2307 2588 2366 'et

262 2405 299 2448 u
337 2405 436 2449 ici.

234 2405 256 2467 J
393 2471 489 2535 12.
536 2471 609 2537 Si
655 2473 803 2558 quis
847 2482 1062 2539 autem
1110 2472 1387 2539 eandem
1410 2494 1640 2561 pacem
1665 2471 1999 2556 violando,
2033 2492 2277 2562 pugno,
2321 2469 2586 2554 baculo,

246 2554 425 2640 clava,
470 2556 736 2623 cultello
781 2558 889 2623 vel
934 2558 1157 2645 gladio
1202 2568 1499 2625 extracto
1525 2562 1831 2648 cuiquam
1876 2559 2074 2625 fuerit
2117 2559 2585 2641 comminatus,

243 2651 297 2705 et
332 2664 442 2727 per
478 2653 617 2709 tres
659 2653 860 2709 testes
904 2646 1177 2711 idoneos
1238 2644 1319 2711 de
1363 2646 1488 2711 hoc
1533 2648 1910 2713 convictus:
1969 2644 2080 2712 vel
2140 2666 2343 2711 manu
2406 2654 2586 2711 trun·

244 2728 487 2812 cabitur,
547 2728 654 2795 vel
689 2730 906 2817 judici
950 2731 1163 2797 solvet
1207 2752 1490 2818 poenam
1537 2732 1764 2800 decem
1807 2731 2226 2817 talentorum,
2283 2740 2350 2797 et
2393 2730 2590 2797 nihil·

242 2816 466 2880 ominus
507 2816 773 2901 placare
819 2816 1018 2883 debet
1058 2819 1331 2884 laesum.

392 2902 487 2966 13.
534 2900 605 2967 Si
652 2904 798 2989 quis
843 2914 1062 2969 autem
1108 2902 1311 2969 verbo
1354 2904 1671 2991 probroso
1714 2926 1942 2992 pacem
1995 2902 2333 2989 infregerit
2378 2910 2444 2967 et
2490 2902 2572 2968 de

244 2984 349 3050 hoc
382 2986 667 3073 legitime
714 2992 1053 3055 convictus
1098 2990 1313 3072 fuerit,
1353 2991 1569 3055 solvat
1592 3013 1868 3077 poenam
1892 2991 2162 3075 triginta
2199 2987 2578 3053 solidorum.

394 3076 487 3139 14.
570 3074 642 3139 Si
703 3078 849 3161 quis
906 3085 1125 3141 autem
1186 3099 1386 3142 manu
1430 3086 1684 3143 armata
1726 3079 2116 3162 cujusquam
2177 3075 2440 3140 domum
2486 3076 2580 3141 vi-

244 3155 463 3223 olenter
516 3161 855 3243 invaserit,
918 3172 984 3228 et
1055 3163 1137 3227 de
1181 3165 1307 3227 hoc
1350 3184 1469 3249 per
1513 3172 1764 3248 septem
1811 3164 2064 3228 vicinos
2108 3160 2381 3226 idoneos
2427 3180 2582 3227 con·

245 3243 514 3327 vincitur,
576 3247 775 3312 debet
820 3245 1163 3332 decollari3
1224 3249 1459 3334 quodsi
1518 3249 1600 3313 de
1661 3248 1786 3313 hoc
1829 3269 1962 3312 non
2021 3248 2453 3329 convincitur,
2517 3255 2586 3313 et

250 3328 445 3395 nullus
489 3331 574 3396 ab
620 3353 700 3397 eo
746 3333 951 3399 fuerit
994 3334 1398 3417 vulneratus,
1446 3356 1598 3400 reus
1644 3356 1716 3399 se
1760 3332 2073 3421 purgabit
2093 3334 2360 3420 proprio
2396 3333 2582 3418 jura-

248 3426 467 3503 ment03
514 3419 618 3483 sin
665 3428 885 3485 autem
928 3420 1127 3485 fuerit
1172 3423 1410 3508 aliquis
1456 3419 1978 3497 ibivulneratus,
2025 3418 2180 3485 licet
2224 3427 2409 3483 actor
2451 3440 2586 3485 non

246 3505 457 3654 possitd
490 3504 773 3592 probare
792 3557 808 3588 ‚
884 3516 1039 3572 reus
1110 3528 1182 3571 se
1257 3516 1480 3573 tamen
1549 3507 1946 3593 expurgavit
2001 3506 2157 3592 jure
2233 3505 2585 3571 vulnerum

246 3606 415 3674 supra
461 3591 610 3655 icto.

392 3678 485 3741 15.
532 3677 604 3743 Si
694 3678 797 3741 uis
842 3686 1059 3743 autem
1106 3681 1504 3765 stupraverit
1530 3680 1872 3764 virginem,
1919 3677 2027 3742 vel
2072 3677 2140 3741 vi
2184 3676 2587 3764 oppresserit

249 3756 503 3847 aliquam
550 3698 913 3840 muffierem,
960 3776 1025 3830 et
1070 3764 1517 3852 deprehensus
1562 3766 1854 3831 fueritin
1878 3764 2050 3831 facto
2098 3784 2249 3828 cum
2295 3761 2582 3827 clamore

250 3852 566 3933 stupratae,
634 3848 833 3915 debet
893 3850 1228 3916 decollari.
1318 3852 1435 3919 Sin
1496 3861 1716 3916 autem
1779 3851 2098 3937 effugerit,
2160 3858 2226 3915 et
2270 3849 2356 3913 ad
2401 3870 2584 3915 man-

252 3928 437 3997 datum
493 3936 737 4021 judicis
802 3946 1077 4002 vocatus
1136 3960 1271 4003 non
1317 3939 1792 4025 comparuerit,
1837 3938 2056 4002 statim
2114 3934 2582 4023 proscribetur.

251 4014 345 4081 Sin
382 4030 592 4087 autem
638 4025 1093 4109 comparuerit,
1157 4034 1223 4090 et
1267 4025 1552 4091 clamore
1599 4025 1940 4090 convietus
1985 4044 2120 4088 non
2164 4021 2381 4103 fuerit,
2428 4041 2580 4109 pro-

252 4103 369 4185 pria
404 4128 471 4171 se
515 4130 715 4173 manu
759 4110 1181 4195 expurgabit.

398 4192 487 4257 16.
573 4192 645 4259 Si
691 4198 835 4282 quis
879 4196 1211 4262 hominem
1274 4196 1695 4272 interfecerit,
1759 4205 1824 4261 et
1865 4196 2206 4261 inventum
2273 4194 2471 4260 fuerit
2510 4192 2582 4259 in

255 4291 421 4342 manu
464 4278 602 4365 ejus
646 4281 1176 4366 instrumentum,
1223 4305 1340 4371 per
1360 4284 1539 4370 quod
1583 4291 1859 4350 mortem
1896 4280 2138 4365 intulit,
2185 4279 2582 4362 decollatum
2683 4302 2690 4307 ·
