3150 5017
1516 273 1988 336 —188—

740 440 863 506 111.
921 440 1269 506 Praeterea
1335 461 1413 506 ea
1473 443 1696 505 omnia

567 535 803 610 castra,
862 525 1279 607 munitiones,
1337 528 1696 612 possessio-

568 631 689 677 nes
753 621 819 678 et
878 613 1151 699 oppida,
1236 611 1319 678 ad
1387 614 1697 678 ducatum

573 697 885 764 Austriae
927 700 1337 781 pertinentia,
1385 721 1555 785 quae
1577 721 1698 785 per

566 804 689 848 nos
748 784 855 850 vel
914 785 1203 850 fautores
1263 807 1379 850 seu
1439 785 1696 870 adjuto-

565 891 673 933 res
715 880 973 935 nostros
1018 870 1337 938 hactenus
1376 880 1700 957 occupata

566 953 863 1032 fuerunt,
923 958 1341 1022 restituemus
1398 958 1526 1042 ipsi
1590 955 1696 1021 do-

565 1042 745 1106 mino
790 1049 1034 1124 nostro,
1078 1045 1219 1127 regi
1264 1051 1329 1108 et
1373 1045 1509 1106 suis
1555 1041 1697 1106 fau-

562 1127 813 1192 toribus
881 1137 946 1192 et
1010 1130 1206 1194 etiam
1264 1129 1698 1215 adjutoribus,

564 1233 715 1276 cum
760 1215 1129 1299 integritate
1187 1213 1502 1299 plenaria,
1562 1235 1696 1280 me-

565 1300 651 1362 tis
698 1300 1029 1382 Boemiae,
1076 1301 1412 1365 Moraviae
1460 1311 1526 1364 et
1558 1299 1692 1366 Au-

564 1386 764 1449 striae
808 1388 875 1450 in
922 1408 997 1450 eo
1044 1396 1221 1452 statu
1254 1387 1698 1468 manentibus,

564 1491 694 1555 quo
732 1477 1031 1556 'tempore
1078 1473 1295 1538 clarae
1342 1475 1695 1539 memoriae

562 1578 791 1642 regum
864 1559 1179 1624 Boemiae
1245 1568 1310 1624 et
1378 1560 1693 1623 marchio-

562 1663 726 1706 num
770 1643 1123 1725 Moraviae,
1185 1666 1306 1708 nec
1350 1667 1482 1708 non
1527 1645 1693 1710 Leu-

564 1727 749 1812 poldi
796 1739 861 1794 et
904 1729 1245 1810 Friderici‚
1292 1729 1530 1794 ducum
1556 1733 1693 1796 Au-

565 1813 784 1896 striae,
826 1815 913 1880 ‘ab
959 1815 1203 1882 eisdem
1237 1817 1517 1882 dominis
1540 1826 1696 1884 sunt

564 1919 927 1986 possessae.

718 1985 852 2058 ⁸IV.
897 1989 1051 2074 Ipse
1117 1989 1313 2053 etiam
1382 1986 1691 2054 dominus

562 2079 785 2137 noster
826 2096 948 2139 rex
992 2075 1293 2139 similiter
1337 2076 1561 2138 omnia
1586 2095 1689 2139 ca-

564 2167 717 2240 stra,
763 2163 1181 2242 munitiones,
1240 2162 1692 2246 possessiones

562 2251 627 2308 et
649 2245 909 2330 oppida,
956 2247 1039 2312 ad
1076 2267 1351 2331 regnum
1376 2245 1696 2312 Boemiae

563 2337 629 2394 et
728 2332 1266 2416 marchionatum
1353 2331 1688 2398 Moraviae

564 2421 945 2502 spectantia,
991 2439 1159 2504 quae
1204 2419 1558 2504 peripsum
1583 2421 1694 2484 vel

568 2522 723 2565 suos
782 2503 975 2570 nobis
1035 2513 1101 2569 et
1142 2505 1385 2570 nostris
1429 2527 1549 2591 per
1590 2508 1691 2570 in-

560 2587 873 2671 juriosam
918 2589 1299 2655 violentiam
1344 2599 1499 2654 sunt
1540 2591 1693 2658 sub-

564 2680 775 2738 tracta
820 2695 939 2740 seu
984 2684 1321 2763 occupata,
1377 2676 1574 2742 nobis
1629 2686 1695 2744 et

566 2761 807 2842 nostris
850 2764 1151 2828 restituet
1196 2764 1447 2847 integre
1491 2772 1557 2828 et
1600 2763 1694 2828 fa·

564 2845 695 2910 ciet
750 2849 1007 2913 restitui
1074 2851 1221 2914 vice
1286 2867 1514 2930 versa,
1581 2871 1692 2914 ex-

564 2939 753 3017 cepto
816 2933 1161 3002 dumtaxat
1205 2935 1691 3020 Nykolspurch‚

562 3017 633 3080 in
700 3019 887 3106 cujus
951 3023 1366 3107 possessione
1430 3023 1538 3086 Fr.
1610 3022 1691 3086 de

562 3101 1033 3192 Liehtenstayn
1051 3109 1237 3194 cujus
1264 3105 1531 3172 feudum
1549 3129 1694 3172 esse

564 3187 957 3272 dinoscitur,
1033 3191 1445 3278 permanebit
1515 3195 1691 3280 paci-

562 3276 686 3340 fice
708 3284 773 3341 et
782 3280 1031 3364 quiete3
1051 3289 1391 3364 praeterea
1414 3279 1695 3344 Chrum·

564 3383 752 3428 nowe
777 3367 837 3428 ei
860 3366 946 3429 ad
973 3387 1167 3450 quem
1210 3367 1291 3430 de
1321 3367 1473 3450 jure
1495 3367 1690 3451 perti-

562 3456 695 3530 net,
740 3452 1061 3536 assignari
1080 3451 1375 3534 debebit3
1422 3453 1693 3537 insuper

564 3543 849 3600 castrum
952 3537 1335 3624 Mettenycz
1447 3537 1690 3603 Alexio

563 3621 755 3687 militi
798 3633 1045 3703 nostre,
1090 3633 1155 3688 et
1188 3621 1382 3688 nohis
1403 3632 1690 3688 castrum

561 3709 1007 3776 Durrenholtz
1033 3710 1224 3775 debet
1253 3711 1507 3778 restitui
1547 3712 1690 3775 sive

563 3795 790 3879 reddi3
836 3799 893 3862 si
940 3807 1137 3883 quam
1182 3806 1404 3860 tamen
1428 3819 1549 3862 nos
1572 3819 1689 3883 pe-

563 3883 823 3946 cuniam
870 3884 1187 3948 debemus
1233 3883 1547 3948 Hainrico
1605 3883 1692 3948 vde

565 3964 905 4054 Chunring
950 3968 1345 4034 marschallo
1381 3968 1690 4034 Austriae

508 4116 512 4120 .
560 4049 669 4116 vel
713 4052 919 4138 ipsius
965 4058 1177 4137 uxori,
1221 4055 1393 4120 filiae
1424 4064 1690 4120 nostrae

564 4137 861 4216 dilectae,
905 4142 1089 4206 illam
1114 4141 1533 4215 exsoLvemus
1570 4143 1690 4206 eis-

566 4221 734 4306 dem,
782 4235 845 4292 et
895 4229 960 4293 si
995 4225 1170 4296 idem
1216 4229 1299 4295 H.
1368 4229 1475 4296 vel
1521 4251 1692 4294 uxor

1971 439 2094 504 ΠΙ.
2109 439 2460 506 Praeterea
2473 441 2915 522 omniacastra‚
2973 466 2980 468 -

1801 527 2223 608 munitiones,
2246 527 2696 612 possessiones
2725 533 2788 592 et
2811 549 2914 614 op-

1805 613 1981 700 pida,
2007 611 2092 676 ad
2117 611 2432 677 ducatum
2453 613 2765 678 Austriae
2793 635 2914 698 per-

1803 700 2099 778 tinentia,
2146 720 2316 783 quae
2385 701 2696 785 eripsum
2717 719 2917 784 regem

1803 784 2112 850 Boemiae
2155 784 2264 849 vel
2343 794 2606 849 autores
2669 805 2786 849 seu
2823 784 2917 848 ad·

1793 871 2048 956 jutores
2093 871 2302 955 ipsius
2361 871 2686 937 hactenus
2745 891 2917 934 occu-

1803 965 1958 1042 pata
2002 956 2266 1038 fuerint,
2291 958 2722 1021 restituentur
2745 955 2916 1019 nobis

1801 1050 1868 1107 et
1909 1043 2150 1107 nostris
2207 1039 2572 1107 fautoribus
2617 1049 2682 1107 et
2727 1042 2903 1106 etiam

1801 1127 2211 1213 adjutoribus
2235 1149 2382 1192 cum
2395 1129 2776 1214 integritate
2793 1127 2908 1214 ple·

1800 1215 2005 1296 naria,
2069 1215 2256 1278 metis
2315 1211 2661 1295 Boemiae,
2721 1213 2914 1278 Mora-

1799 1302 1946 1365 viae
2005 1310 2070 1365 et
2128 1301 2435 1366 Austriae
2496 1301 2566 1364 in
2623 1321 2702 1364 eo
2761 1307 2915 1364 statu

1802 1385 2240 1467 manentibus,
2286 1407 2414 1472 quo
2460 1395 2756 1471 tempore
2800 1383 2914 1449 cla-

1799 1493 1912 1536 rae
1931 1527 1939 1534 .
1959 1474 2311 1537 memoriae
2356 1471 2677 1558 Leupoldi
2702 1480 2770 1538 et
2787 1471 2914 1534 Fri-

1800 1557 2021 1640 derici,
2069 1558 2310 1622 ducum
2355 1558 2688 1640 Austriae,
2711 1557 2794 1622 ab
2822 1558 2914 1621 iis-

1797 1644 1948 1710 dem
2010 1643 2286 1710 ducibus
2348 1651 2502 1710 sunt
2567 1647 2910 1731 possessae.

1968 1987 2084 2054 IV.
2172 1987 2310 2053 Nos
2372 1988 2571 2066 etiam
2639 1986 2914 2052 similiter

1797 2073 2018 2138 omnia
2064 2083 2298 2158 castra,
2329 2075 2746 2154 munitiones,
2777 2093 2910 2160 pos·

1797 2161 2122 2226 sessiones
2165 2169 2234 2226 et
2277 2159 2524 2246 oppida
2547 2159 2911 2244 adregnum

1795 2245 2105 2311 Boemiae
2150 2256 2216 2312 et
2239 2247 2756 2312 marchionatum
2785 2245 2914 2310 Mo-

1795 2333 2018 2398 raviae
2065 2332 2146 2398 de
2161 2334 2316 2422 ju're
2343 2333 2728 2419 spectantia,
2759 2351 2914 2418 quae

1796 2437 1916 2504 per
1957 2439 2079 2482 nos
2123 2419 2232 2488 vel
2263 2427 2522 2484 nostros
2556 2418 2766 2484 eidem
2787 2418 2912 2500 regi

1797 2511 1863 2568 et
1907 2505 2042 2569 suis
2087 2525 2206 2590 per
2247 2506 2634 2591 injuriosam
2679 2503 2910 2569 violen-

1795 2591 1953 2654 tiam
2001 2596 2154 2656 sunt
2199 2591 2534 2656 subtracta
2577 2612 2694 2656 seu
2736 2609 2908 2654 occu-

1797 2682 1968 2761 pata,
2015 2677 2140 2761 ipsi
2185 2678 2325 2763 regi
2369 2684 2435 2742 et
2479 2679 2614 2741 suis
2669 2678 2908 2741 restitu-

1797 2783 1982 2827 emus
2003 2764 2273 2848 integre,
2305 2771 2372 2828 et
2405 2762 2726 2828 faciemus
2745 2761 2908 2826 resti-

1796 2849 1894 2912 tui
1939 2851 2082 2912 vice
2125 2869 2358 2930 versa;
2421 2855 2697 2934 excepto
2743 2847 2907 2912 dum-

1796 2941 1982 2998 taxat
2055 2930 2526 3021 Nicolspurch‘,
2604 2937 2674 2999 in
2741 2935 2908 3018 cujus

1796 3021 2207 3105 possessione
2243 3021 2318 3088 F.
2349 3019 2430 3086 de
2459 3020 2908 3097 Liehtenstain‚

1798 3106 1988 3190 cujus
2033 3106 2305 3172 feudum
2351 3129 2497 3172 esse
2544 3107 2908 3185 dinoscitur,

1797 3193 2210 3278 permanebit
2249 3191 2522 3278 pacifice
2566 3201 2632 3258 et
2677 3193 2912 3278 quiete;

1795 3287 2136 3366 praeterea
2193 3279 2633 3346 Chrumenaw
2691 3280 2782 3354 ei,
2837 3273 2909 3340 ad

1797 3385 1992 3450 quem
2040 3365 2305 3444 dejure
2363 3366 2668 3451 pertinet,
2727 3363 2906 3446 assig-

1795 3451 1943 3515 nari
1988 3449 2284 3534 debebit3
2328 3455 2602 3537 insuper
2643 3459 2910 3516 castrum

1794 3536 2146 3602 Maertnitz
2188 3538 2430 3604 Alexio
2484 3536 2676 3602 militi
2721 3535 2908 3622 ipsius

1795 3624 1970 3708 regis
1993 3623 2324 3700 Boemiae,
2349 3633 2414 3690 et
2437 3633 2722 3688 castrum
2747 3621 2905 3686 Dur·

1795 3709 2064 3774 renholz
2090 3710 2286 3775 debet
2314 3710 2572 3775 restitui
2595 3709 2724 3796 ipsi
2752 3707 2906 3792 regi;

1797 3797 1852 3859 si
1899 3817 2098 3881 quam
2143 3804 2365 3862 tamen
2409 3795 2786 3882 praedictus
2805 3812 2908 3858 rex

1795 3883 2106 3947 Boemiae
2179 3883 2480 3947 ecuniam
2513 3880 2708 3946 debet
2725 3879 2906 3947 Hein-

1794 3969 1930 4034 rico
1978 3969 2060 4033 de
2085 3968 2139 4034 C
2183 3970 2534 4054 -unringem
2569 3965 2906 4032 marscalco

1793 4063 2017 4120 nostro
2062 4075 2183 4141 per
2223 4055 2564 4120 Austriam
2587 4053 2694 4119 vel
2721 4052 2906 4138 ipsius

1795 4142 2009 4222 uxori,
2071 4139 2252 4205 illam
2299 4140 2601 4207 exscivet
2658 4137 2904 4215 eisdem,

1797 4236 1862 4294 et
1903 4227 2127 4294 iidem
2193 4227 2553 4300 Heinrious
2595 4225 2700 4291 v'el
2759 4241 2906 4289 uxor
