3150 5017
487 295 520 334 Ο

1273 326 1703 392 „43-

471 496 666 580 Quod
712 517 834 561 nos
877 497 1093 563 eidem
1135 496 1496 563 marchioni
1539 505 1606 563 et
1662 495 2015 565 heredibus
2074 497 2212 564 suis
2272 498 2353 564 de
2380 537 2387 554 =
2416 507 2677 566 nostrae

291 581 714 650 liberalitatis
761 583 1209 649 munificentia
1275 583 1697 648 concedimus
1755 593 1827 648 et
1880 585 2343 650 confirmamus
2402 585 2674 650 Moci-an

295 679 368 735 et
408 669 703 736 Moeram
749 689 898 734 cum
945 669 1122 733 omni
1159 671 1312 754 jure
1355 677 1421 733 et
1463 671 1874 755 pertinent-iis
1916 672 2077 752 suis,
2136 670 2321 736 salvo
2375 671 2676 752 servitio,

291 756 476 841 quod
535 756 690 820 inde
737 754 956 820 curiae
1002 764 1266 820 nostrae
1309 754 1601 822 debetur.
2074 806 2081 813 .

469 841 578 906 Ad
622 841 820 926 hujus
863 850 1082 906 autem
1125 840 1639 906 confirmationis
1680 849 1747 906 et
1782 842 2227 914 concessionis
2248 850 2510 908 nostrae
2539 863 2677 907 me-

288 928 569 992 moriam
615 936 684 992 et
723 926 926 992 robur
971 936 1284 1013 perpetuo
1331 927 1707 1006 valiturum,
1752 949 2063 1078 {raesens
2108 927 2525 1014 privilegium
2557 949 2677 1014 per

289 1035 532 1080 manus
574 1013 850 1080 Hem-ici
894 1012 978 1078 de
1021 1013 1312 1078 Pax-isius
1354 1013 1593 1078 notarii
1613 1023 1682 1079 et
1702 1013 1749 1076 fi
1798 1013 1919 1080 elis
1940 1017 2147 1082 nostri
2170 1014 2369 1081 scribi
2390 1023 2457 1080 et
2488 1013 2673 1081 bulla

285 1108 522 1166 nostra
565 1121 766 1164 aur-ea
799 1100 1124 1184 jussimus
1169 1099 1574 1164 communiri.
1782 1159 1789 1169 .

289 1214 292 1220 ·
465 1185 686 1267 Anno,
732 1206 960 1250 mense
1005 1194 1074 1249 et
1112 1185 1473 1250 indictione
1517 1183 1925 1269 subscriptis.
2540 1219 2545 1222 ·

467 1270 690 1354 Hujus
733 1272 827 1336 rei
869 1279 1070 1336 testes
1115 1279 1304 1334 sunt:
1351 1269 1903 1354 Arcbiepiseopus
1948 1270 2281 1351 Berensis,
2324 1272 2675 1356 episcopus

287 1357 755 1436 Tridentinus,
819 1357 1170 1441 episcopus
1233 1355 1654 1436 Basiliensis,
1718 1358 2067 1441 episcopus
2128 1355 2677 1438 Constantiensis‚

290 1443 644 1528 episcopus
689 1441 1046 1524 canensis,
1093 1441 1300 1508 abbas
1341 1441 1691 1526 Augensis‚
1736 1441 1949 1507 abbas
1990 1441 2215 1506 Sancti
2242 1441 2445 1523 Galli,
2469 1441 2677 1510 abibas
2794 1504 2800 1509 .

289 1528 380 1592 de
393 1527 744 1610 Vieeburc,
785 1529 1140 1594 Ber-toldus
1182 1527 1264 1592 de
1307 1527 1570 1614 Nifphe,
1614 1527 1857 1612 regalis
1880 1528 2102 1593 curiae
2130 1527 2680 1614 prothonotarius,

291 1635 516 1678 comes
559 1613 826 1681 Uli-icus
870 1616 954 1680 de
1001 1613 1309 1696 Offilium,
1355 1635 1572 1682 comes
1616 1613 1939 1682 Redulfus
1957 1612 2039 1679 de
2060 1613 2579 1686 Habeohesbum
2609 1623 2675 1678 et

291 1699 680 1784 langravius
701 1701 785 1784 de
805 1700 1082 1776 Alsatia,
1119 1700 1691 1772 comesLodvicus
1716 1707 1783 1764 et
1804 1699 2231 1774 Hermaunus
2255 1699 2339 1768 de,
2365 1698 2675 1780 Froburc,

291 1807 517 1852 cemes
539 1787 904 1854 Warnerus
945 1785 1030 1852 de
1049 1785 1472 1864 Hohenburc,
1501 1785 1840 1854 Ameldus
1884 1785 2123 1852 nobilis
2170 1784 2255 1851 de
2298 1785 2503 1862 Wart,
2534 1787 2677 1854 ,Ro-

295 1871 521 1938 dulfus
567 1872 928 1938 advocatus
974 1872 1054 1937 de
1096 1871 1196 1938 Ra
1245 1871 1723 1942 ehteshiwilare
1768 1881 1833 1938 et
1876 1872 1989 1938 alii
2034 1893 2227 1957 quam
2275 1871 2527 1956 plures·
2586 1933 2589 1936 ,

404 1979 406 1981 ’
472 1957 646 2023 Acta
669 1967 824 2024 sunt
845 1958 970 2024 hoc
991 1981 1167 2025 anno
1276 1961 1520 2025 minine
1542 1958 2011 2025 incarnationis
2032 1957 2385 2024 Millesimo
2430 1957 2671 2024 ducen-

292 2045 528 2110 tesimo
549 2043 707 2128 XII,
752 2065 977 2112 mense
1003 2043 1427 2130 Septembris,
1517 2043 2041 2108 uintaedecimae
2062 2042 2466 2124 indictionis,
2494 2043 2683 2126 regni

293 2151 450 2196 vero
497 2131 746 2196 domini
789 2132 994 2198 nostri
1037 2129 1377 2212 Friderici‚
1436 2131 1483 2196 il
1515 2131 1861 2198 ustrissimi
1906 2130 2351 2194 Romanorum
2397 2128 2676 2212 impera-

291 2217 452 2284 toris
497 2214 690 2282 electi
731 2225 798 2286 et
841 2239 1100 2302 semper
1139 2218 1423 2301 augusti,
1467 2217 1645 2300 regis
1688 2214 1973 2296 Siciliae,
2020 2214 2532 2300 quintodecimo.

464 2302 716 2369 Datum
759 2303 829 2366 in
873 2303 1080 2368 nobili
1125 2303 1385 2369 civitate
1429 2301 1695 2368 Basilea
1751 2323 1870 2388 per
1930 2322 2165 2368 manus
2223 2299 2435 2368 vlrici
2503 2299 2677 2368 vice-

295 2387 794 2479 prothonotarii,
839 2397 1026 2456 sexto
1070 2388 1224 2454 Kal.
1271 2387 1537 2456 Octobr.
1586 2387 1881 2454 feliciter.
1927 2387 2161 2454 Amen.
2488 2395 2495 2427 ³

1433 2681 1538 2746 27.

717 2818 1212 2902 confirmatio
1263 2817 1671 2901 electionis
1725 2816 2173 2901 wenceslai
2210 2815 2267 2899 I.

1223 2955 1410 3038 1216,
1457 2955 1560 3020 26.
1606 2953 1741 3021 Juli.

503 3110 682 3177 Hujus
717 3109 1022 3178 diplomati-s
1058 3111 1334 3178 originale,
1371 3125 1492 3162 eum
1525 3111 1679 3162 bulla
1710 3125 1875 3163 aurea
1910 3125 2151 3178 appensa
2166 3147 2179 3174 ,
2216 3111 2346 3162 olim
2394 3105 2534 3160 inter
2570 3111 2677 3176 pri-

291 3178 500 3300 ἶῖῑίξῗ
510 3182 686 3302 813ᾒῖ
685 3179 1000 3302 u{chemise
1031 3183 1092 3232 in
1125 3195 1250 3234 arce
1285 3180 1572 3245 Karlstein,
1608 3195 1758 3234 nunc
1786 3183 1847 3232 in
1880 3182 2097 3232 archivo
2132 3193 2182 3232 c.
2205 3197 2253 3232 r.
2264 3181 2440 3234 aulico
2472 3179 2677 3232 vindo-

473 3366 862 3438 Fredericus
907 3367 1235 3440 secundus
1281 3367 1507 3434 divina
1551 3367 1817 3435 favente
1844 3367 2193 3437 clementia
2224 3367 2671 3435 Romanorum

299 3471 432 3522 rex
477 3473 732 3543 semper
775 3462 1092 3540 augustus
1137 3464 1204 3520 et
1245 3473 1366 3520 rex
1411 3453 1695 3520 Siciliae.
2440 3464 2449 3480 ⁸

481 3539 551 3604 Si
597 3540 992 3626 specialibus
1037 3549 1102 3605 et
1141 3542 1436 3628 expertis
1476 3539 1783 3606 *fidelibus
1828 3551 1895 3607 et
1939 3540 2197 3607 dilectis
2241 3537 2487 3606 nostris
2530 3559 2679 3620 gra-

295 3627 467 3692 tiam
508 3626 787 3698 facimus
813 3625 1185 3712 specialem,
1229 3649 1364 3692 non
1410 3634 1510 3692 est
1553 3627 1919 3713 indignum,
1967 3627 2084 3694 sed
2130 3633 2448 3694 consonat
2478 3624 2683 3687 omni-

295 3711 519 3777 modis
563 3714 892 3799 aequitati.
980 3711 1083 3782 Ea
1141 3720 1412 3801 propter
1467 3714 1793 3779 universis
1852 3713 2126 3800 Imperii
2150 3737 2157 3746 ·
2180 3710 2487 3778 fidelibus
2544 3716 2680 3772 tam

292 3799 760 3887 praesentibus
850 3819 1001 3864 uam
1045 3798 1282 3868 futuris
1325 3801 1809 3886 imperpetuum
1869 3809 2095 3865 not-um
2153 3805 2299 3864 esse
2356 3795 2683 3878 volumus,

347 3883 486 3948 uod
528 3890 726 3950 misso
769 3907 811 3950 a
901 3886 1338 3971 praesentiam
1383 3896 1673 3951 nostram
1696 3886 2061 3952 Benedicto
2085 3881 2449 3950 venerabili
2474 3880 2681 3946 archi·-

297 3907 584 4036 giaoono
628 3969 984 4054 Belinensi,
1033 3981 1482 4058 exposuerunt
1503 3971 1881 4039 celsitudini
1902 3979 2165 4036 nostrae
2192 3967 2719 4037 dilectifideles.

297 4057 531 4138 nostri,
590 4055 920 4130 Henricus
980 4055 1270 4123 marchio
1330 4058 1667 4124 Moraviae
1728 4067 1793 4124 et
1852 4058 2243 4124 universitas
2304 4063 2685 4142 magnatum

299 4151 374 4210 et
413 4140 733 4208 nobilium
775 4144 1126 4222 Boemiae,
1173 4146 1349 4230 quod
1393 4145 1723 4210 communi
1767 4142 2109 4209 voluntate
2155 4153 2221 4209 et
2264 4163 2541 4208 assensu
2586 4139 2680 4204 di·
2712 4158 2718 4180 ²

296 4229 460 4302 lecti
503 4229 712 4300 nostri
757 4229 1046 4314 Odacrii,
1089 4228 1365 4298 illustris
1411 4231 1587 4316 regis
1630 4230 1957 4314 Boemiae,
1984 4228 2327 4314 elegerunt
2358 4230 2429 4294 in
2458 4247 2680 4314 regem
