3150 5017
1383 289 1815 394 ‘'²3¹ss-

436 461 757 537 libcntius
805 466 1141 552 potestati,
1189 469 1299 552 qui
1346 464 1718 531 dilectionis
1761 474 1830 530 et
1849 466 2180 535 amicitiae
2208 467 2490 554 puritate
2534 487 2576 530 a
2618 474 2816 532 retro·

438 551 608 616 actis
696 549 1107 636 temporibus
1236 573 1311 618 er
1366 552 1818 643 progenitores
1875 561 2186 640 tanquam
2261 551 2576 618 radicitus
2631 573 2814 639 prae·

433 645 761 725 concepta
804 659 918 708 eos
961 573 1391 707 favorabilius
1434 645 1958 728 prosequuntur-3

486 760 493 769 ·
608 723 889 790 Imitans
960 726 1269 812 equidem
1344 726 1708 813 praemissa
1781 733 1846 791 et
1903 726 2252 792 attendens
2329 725 2814 813 subsequentia,

432 810 611 896 quod
682 833 767 878 ex
831 812 1057 878 favore
1121 811 1453 900 quondam
1523 811 1772 877 domini
1841 812 2138 879 Ottacari
2225 815 2399 900 regis
2481 813 2816 896 Boemiae,

430 900 791 964 memoriae
848 898 1243 966 recolendae
1301 907 1489 986 pater
1547 921 1752 972 meus,
1811 899 2286 966 recordationis
2346 897 2560 966 felicis
2605 921 2842 987 quon-⁴

438 986 593 1050 dam
671 985 1081 1053 wladislaus
1106 1035 1122 1068 ,
1200 986 1339 1050 dux
1414 985 1839 1074 Opuliensis,
1925 995 2192 1073 propter
2267 987 2683 1052 devotionem
2751 995 2820 1053 et

440 1071 779 1160 obsequia,
842 1073 1083 1160 quibus
1141 1093 1213 1138 se
1269 1081 1477 1138 totum
1524 1095 1676 1138 cum
1737 1082 2038 1160 prompta
2096 1072 2557 1142 benevolentia
2601 1075 2814 1142 eidem

437 1158 733 1242 dederat,
780 1159 991 1228 multa
1028 1162 1454 1246 promotionis
1480 1168 1542 1225 et
1565 1159 1832 1226 honoris
1863 1159 2184 1226 beneficia
2228 1163 2364 1226 suis
2409 1161 2813 1248 temporibus

425 1247 513 1312 sit
554 1249 867 1312 sortitus:

600 1333 747 1420 Ego
792 1335 905 1420 qui
950 1335 1021 1398 iu
1083 1334 1276 1406 bonis
1335 1343 1403 1400 et
1446 1332 1718 1400 utilibus
1779 1333 2034 1400 sctibus
2094 1353 2334 1421 sequor
2376 1332 2659 1400 libenter
2700 1355 2810 1400 ve·-

428 1421 628 1506 stigia
674 1425 879 1508 patris
927 1421 1077 1503 mei,
1137 1421 1550 1487 considerato
1611 1429 1680 1484 et
1722 1419 2066 1486 evidenter
2109 1423 2356 1507 agnito,
2401 1421 2581 1508 quod
2625 1420 2812 1488 boni·

423 1516 547 1584 tas,
592 1507 785 1573 favor
824 1517 893 1572 et
934 1509 1229 1595 potentia
1245 1507 1523 1574 Vestrae
1566 1507 2052 1589 dominationis,
2101 1529 2268 1594 quae
2301 1507 2522 1574 clarae
2565 1506 2809 1574 indolis

421 1595 797 1680 insignibus
840 1596 1311 1661 renitescuntes
1334 1603 1400 1660 et
1422 1603 1736 1682 paternae
1767 1593 2156 1682 prudentiae
2199 1597 2656 1661 nanciscentes
2698 1615 2808 1662 ve·-

428 1681 626 1767 stigia
668 1703 803 1746 non
867 1680 1231 1748 lentescitis
1292 1681 1702 1748 subditorum
1765 1691 2131 1748 vestrorum
2193 1681 2538 1747 commoda
2580 1703 2806 1770 procu·

424 1790 577 1834 rare
642 1767 949 1855 plurima,
1016 1767 1197 1850 mihi,
1264 1767 1453 1852 filiis,
1522 1768 1896 1843 heredibus,
1962 1767 2247 1845 ducatui,
2293 1771 2490 1835 otiam
2533 1769 2807 1834 homini·

430 1853 559 1920 bus
603 1857 769 1925 meis
833 1857 903 1920 in
948 1855 1097 1943 ipso
1154 1855 1393 1921 ducato
1453 1876 1600 1921 meo
1659 1857 2118 1932 existentibus,
2183 1855 2470 1942 honoris,
2518 1858 2700 1942 pacis
2743 1865 2810 1922 et

422 1943 836 2028 promotuum
880 1942 1115 2010 afferre
1158 1951 1467 2030 poterunt
1509 1944 1934 2022 incrementa,
1977 1943 2263 2007 maxime
2309 1963 2455 2008 cum
2505 1963 2622 2030 per
2668 1943 2802 2008 Vos

420 2038 489 2094 et
530 2051 947 2096 successores
990 2038 1245 2096 vestros
1290 2029 1549 2111 melius,
1609 2051 1805 2117 quam
1852 2050 1971 2116 per
2016 2029 2217 2094 alium
2263 2051 2302 2094 a
2345 2031 2508 2095 meis
2552 2028 2802 2094 violen-

420 2118 509 2182 tis
554 2124 619 2182 et
662 2137 955 2190 meorum
1002 2115 1315 2186 fidelium
1342 2117 1714 2204 oppressori
1727 2116 1864 2198 bus,
1925 2138 1964 2181 a
2010 2114 2249 2203 quibus
2306 2116 2646 2203 hucusque
2690 2136 2800 2204 op-

419 2205 630 2290 pressi
672 2203 919 2269 fuimus
964 2214 1030 2270 et
1075 2205 1524 2292 opprimimur,
1587 2225 1736 2270 cum
1798 2203 2046 2272 eisdem
2108 2205 2272 2268 meis
2335 2201 2644 2268 fidelibus
2687 2223 2801 2289 po-

418 2301 563 2362 tero
606 2291 973 2372 defensari3

570 2377 694 2444 ·De
738 2379 1012 2444 consilio
1056 2377 1419 2446 deliberato
1464 2399 1544 2444 ac
1578 2379 1754 2442 bona
1795 2377 2133 2444 voluntate⁴
2175 2399 2262 2444 ex
2295 2398 2617 2444 consensu
2639 2378 2804 2445 filio·

416 2487 565 2530 rum
610 2487 905 2531 meorum
950 2465 1238 2536 Boleslai
1284 2473 1349 2531 et
1379 2464 1730 2531 Wladislai
1753 2485 1832 2530 ac
1864 2486 1981 2551 pro
2031 2466 2376 2552 inquorum
2423 2467 2800 2544 amicorum,

418 2552 740 2618 baronum
790 2563 851 2618 et
894 2552 1171 2618 aliorum
1220 2575 1513 2618 meorum
1574 2573 1654 2616 ac
1698 2553 1718 2615 i
1770 2553 1907 2617 sius
2010 2561 2244 2616 ucatus
2288 2553 2416 2618 mei
2461 2553 2803 2632 nobilium,

414 2661 544 2706 nec
586 2649 875 2716 coactus,
936 2637 1063 2706 nec
1119 2642 1186 2703 vi
1248 2661 1371 2704 nec
1420 2646 1599 2704 metu
1645 2640 1712 2704 in
1764 2647 1974 2722 uetus,
2037 2639 2151 2704 sed
2214 2641 2388 2704 bona
2436 2650 2803 2727 spontanea

421 2736 491 2792 et
532 2726 745 2793 libera
787 2727 1129 2792 voluntate
1172 2748 1339 2809 mea,
1386 2726 1615 2792 volens
1675 2728 1742 2790 in
1790 2725 1914 2790 boc
1975 2747 2208 2807 meam,
2266 2727 2573 2808 filiorum,
2621 2728 2804 2794 here·-

420 2815 579 2880 dum
625 2823 691 2880 et
754 2834 1201 2880 successorum
1280 2835 1571 2878 meorum
1637 2814 2078 2878 conditionem
2143 2814 2358 2878 facere
2425 2813 2797 2882 meliorem:

418 2901 721 2982 Vestrae,
766 2901 1101 2982 heredum,
1162 2909 1230 2966 et
1272 2921 1722 2969 successorum
1769 2900 2154 2966 Vestrorum
2217 2901 2525 2975 omnium,
2572 2923 2801 2988 regum

420 2989 735 3054 Boemiae
780 2989 1087 3075 potestati
1148 2998 1213 3054 et
1256 2989 1547 3053 dominio
1606 3009 1732 3070 me,
1793 2987 1963 3054 filios
2009 2996 2077 3052 et
2117 2987 2394 3052 heredes
2438 2996 2505 3053 et
2547 3009 2801 3054 succes-

421 3095 605 3141 sores
646 3097 832 3141 meos
874 3086 941 3141 et
985 3095 1441 3142 successorum
1492 3095 1785 3140 meorum
1831 3075 2128 3156 heredes,
2173 3074 2504 3156 ducatum,
2565 3084 2798 3154 castra,

422 3162 743 3244 civitates,
807 3185 891 3256 op
939 3161 1051 3227 ida
1096 3173 1161 3228 et
1204 3165 1549 3228 universas
1611 3163 2058 3245 possessiones
2103 3181 2304 3242 meas,
2348 3163 2640 3228 omnium
2685 3153 2799 3227 ba-‘

420 3269 675 3331 renum,
740 3249 896 3314 nobi
929 3251 1061 3314 ium
1130 3258 1197 3314 et
1262 3250 1539 3315 aliorum
1611 3249 2086 3334 terrigenarum
2156 3267 2445 3312 meorum
2509 3250 2576 3314 in
2653 3251 2799 3336 ipso

424 3337 671 3402 ducatu
715 3357 859 3403 mec
906 3337 1283 3422 degentium
1330 3339 1473 3402 sive
1518 3338 1923 3400 manentium
1973 3356 2050 3399 ac
2094 3336 2272 3422 ipsos
2317 3333 2618 3419 barones,
2681 3357 2797 3402 ns-

426 3423 596 3490 biles
642 3431 707 3490 et
750 3425 1117 3510 terrigenas
1160 3444 1308 3490 meo
1355 3423 1435 3489 de
1478 3424 1778 3500 unanimi
1822 3443 2046 3490 eorum
2072 3441 2418 3504 consensu,
2463 3422 2800 3490 nonnullis

418 3513 617 3579 etiam
646 3513 941 3598 ipsorum
966 3511 1440 3598 praesentibus,
1496 3510 1752 3597 subjeci
1797 3520 1865 3576 et
1905 3511 1973 3574 in
2019 3509 2146 3574 hiis
2193 3510 2454 3596 seriptis
2497 3509 2798 3596 subjicio,

424 3608 491 3664 st
534 3620 801 3664 manere
844 3598 997 3664 volo
1090 3607 1359 3686 erpetue
1403 3599 1498 3663 sic
1544 3598 1891 3684 subjectos.

595 3685 879 3758 Eosdem
906 3622 1331 3752 nihilominus
1354 3686 1657 3766 barones,
1681 3685 1956 3767 nobiles,
1979 3685 2363 3769 terrigenas,
2409 3684 2575 3760 alios
2619 3685 2800 3758 cives

419 3782 486 3839 et
544 3775 890 3839 universos
952 3774 1227 3838 ducatus
1288 3774 1414 3840 mei
1470 3770 1720 3838 incolas
1789 3793 1904 3838 seu
1951 3771 2348 3838 habitatores
2395 3794 2436 3836 a
2478 3769 2798 3840 fidelitate

422 3872 488 3926 et
534 3859 856 3946 homagio,
902 3861 1145 3947 quibus
1192 3861 1349 3928 mihi
1394 3870 1459 3925 et
1503 3861 1666 3924 meis
1713 3859 2084 3937 heredibus,
2145 3859 2302 3926 filiis
2345 3879 2425 3923 ac
2468 3860 2800 3924 universis

418 3947 905 4013 successoribus
966 3956 1120 4012 sunt
1178 3948 1445 4022 astricti,
1504 3969 1592 4012 ex
1659 3968 1838 4012 nunc
1883 3947 2026 4012 sine
2069 3945 2456 4016 difficultate
2503 3943 2797 4034 qualibet

418 4034 840 4111 absolvendo,
885 4036 1216 4121 resignavi
1278 4044 1345 4100 et
1403 4037 1602 4099 etiam
1665 4057 1746 4100 ex
1805 4055 1987 4099 nunc
2031 4035 2291 4118 resigno
2353 4033 2615 4120 publice
2678 4053 2796 4120 per

418 4122 742 4188 vexillum
788 4143 1004 4188 meum
1053 4122 1333 4188 eundem
1359 4144 1573 4188 meum
1601 4121 1909 4186 ducatum
1957 4130 2024 4186 et
2046 4122 2264 4184 omnia
2303 4121 2458 4205 jura
2501 4119 2795 4208 ejusdem

424 4210 701 4296 ducatus
748 4231 897 4274 cum
934 4208 1201 4296 juribus
1260 4219 1326 4276 et
1388 4209 1698 4290 dominio,
1741 4207 1918 4361 (lnam
1963 4207 2144 4289 mihi,
2201 4206 2382 4290 filiis,
2446 4207 2798 4274 heredibus

428 4306 495 4362 et
536 4296 1025 4368 successoribus
1066 4298 1232 4362 meis
1274 4299 1608 4363 universis
1646 4297 1712 4362 in
1806 4317 1883 4366 oc
1922 4293 2164 4360 ducatu
2187 4303 2583 4382 competunt,
2630 4315 2796 4378 meo,
