3150 5017
1474 247 1779 320 -274
1864 284 1951 298 —-

1543 464 1716 548 Gap.
1758 465 1847 544 V,

1121 602 1220 666 De
1247 603 1695 688 jwnzsdiotione
1736 604 2264 673 urbm-morum:

669 779 842 845 Nam
898 780 1092 865 juxta
1155 785 1528 850 sanctiones
1557 784 2035 853 zRomanorum
2108 779 2485 869 principum
2544 794 2883 871 receptum

497 873 613 950 est,
669 869 784 955 jas
849 866 1128 933 dicentis
1191 889 1340 939 csse
1410 875 1703 942 officium
1760 877 2176 960 latissimum,
2238 873 2418 962 quod
2478 875 2879 964 quandoque

410 993 412 996 >
497 964 848 1021 exercetur
891 964 1082 1022 extra
1124 955 1466 1047 judicium,
1513 965 1823 1052 quoniam
1854 963 2075 1045 =judex
2121 963 2316 1029 debet
2376 963 2685 1030 resistere
2745 967 2883 1032 vio·

493 1042 715 1108 lentiis
760 1045 1135 1125 hominum3
1203 1049 1486 1138 ideoque
1529 1055 1721 1136 vigor
1747 1051 2154 1138 judiciarius
2199 1059 2300 1118 est
2346 1051 2416 1116 in
2463 1050 2681 1116 medio
2728 1073 2881 1120 con-

492 1133 783 1212 stitutus,
845 1152 929 1195 ne
989 1135 1140 1220 quis
1199 1141 1589 1206 auctoritate
1654 1141 1923 1226 propria
1969 1161 2227 1205 sumere
2270 1138 2495 1204 valeat
2539 1137 2879 1220 ultionem,

496 1219 612 1285 sed
659 1219 836 1307 apud
873 1221 1138 1304 judices
1183 1245 1372 1290 suam
1417 1229 1732 1315 injuriam
1771 1229 1945 1315 juris
1996 1226 2365 1293 rationibus
2424 1235 2884 1312 prosequatur.

497 1307 604 1373 De
675 1307 803 1373 hoc
872 1319 1090 1376 autem
1162 1313 1380 1380 officio
1442 1315 1620 1401 quod
1681 1324 2030 1382 exercetur
2088 1321 2277 1380 extra
2328 1313 2675 1396 ‚judiciium
2722 1315 2882 1382 satis

497 1394 746 1461 dictum
792 1403 893 1462 est
937 1419 1138 1485 supra
1188 1399 1308 1484 „de
1353 1404 1676 1486 regimine
1697 1411 1764 1468 et
1780 1403 1998 1468 officio
2043 1401 2601 1466 urburariorum.“
2652 1400 2881 1482 Quan-

495 1483 709 1570 doque
757 1484 954 1550 etiam
993 1487 1240 1574 judicis
1287 1488 1577 1556 officium
1630 1497 1975 1556 exercetur
2015 1491 2086 1552 in
2123 1488 2399 1574 J'udicio,
2460 1495 2526 1554 et
2569 1495 2729 1554 tunc
2774 1511 2879 1554 ur·

494 1569 913 1638 but-ariorum
951 1575 1480 1654 jurisdictionem
1509 1578 1779 1658 respicit
1797 1576 2292 1657 contentiosam,
2338 1575 2515 1662 quod
2550 1573 2879 1660 judicium

494 1661 795 1727 redditur
838 1662 1122 1728 invitum
1169 1665 1238 1730 in
1283 1666 1551 1749 vitium3
1602 1665 1683 1730 de
1729 1685 1860 1751 qua
1894 1663 2359 1750 jurisdictione
2416 1663 2487 1726 in
2547 1663 2881 1748 praesenti

491 1749 682 1814 titulo
727 1757 830 1815 est
873 1748 1246 1816 dicendum.
2130 1749 2133 1752 ’

661 1840 720 1918 ξ.
770 1837 827 1900 1.
872 1837 998 1902 Est
1043 1846 1264 1904 autem
1315 1838 1480 1905 haec
1518 1838 1896 1925 jurisdictio
1941 1846 2231 1924 potestas
2269 1835 2618 1922 judicandi
2662 1857 2705 1900 a
2747 1837 2879 1902 No·

489 1932 627 1988 stra
690 1923 899 2010 Regia
943 1925 1310 1992 Sei-onitate
1371 1947 1706 1992 concessa.
1758 1925 1889 1992 Sed
1936 1933 2109 1990 certe
2153 1924 2268 1989 ubi
2314 1923 2532 2008 majus
2576 1924 2880 1990 imminet

489 2008 877 2097 periculum,
938 2011 1029 2076 ibi
1091 2014 1348 2076 cautius
1409 2021 1509 2077 est
1569 2012 1919 2098 agendum.
2008 2011 2207 2078 Unde
2249 2011 2555 2077 volumus
2598 2010 2878 2076 firmiter

487 2097 857 2178 statuendo,
919 2107 992 2163 ut
1051 2098 1380 2163 urburarii
1429 2101 1805 2186 quicunque
1850 2121 1970 2186 pro
2015 2108 2312 2184 tempore
2357 2098 2624 2179 fuerint,
2686 2097 2878 2164 nulla

485 2185 910 2250 excusatione
954 2183 1226 2273 aliquali
1289 2187 1709 2274 suffragante,
1774 2208 1994 2253 coram
2053 2188 2199 2250 viro
2246 2185 2609 2252 clarissimo
2656 2204 2872 2250 came·

485 2272 663 2342 rario
711 2278 938 2337 nostro
985 2281 1047 2338 et
1081 2275 1320 2355 juratis
1367 2275 1689 2338 montium
1740 2282 2072 2358 praestent
2115 2271 2383 2359 publice
2396 2274 2871 2358 juramentum,

484 2357 660 2445 quod
717 2367 979 2424 nostras
1023 2359 1220 2444 leges,
1268 2368 1516 2426 statuta
1559 2369 1625 2426 et
1670 2362 2171 2426 constitutiones
2215 2381 2334 2444 pro
2380 2357 2689 2425 omnibus
2734 2361 2872 2428 suis

481 2444 736 2510 viribus
767 2455 1239 2512 manuteneant
1261 2455 1328 2513 et
1350 2447 1744 2530 defendant3
1784 2446 1950 2512 nihil
1982 2449 2155 2512 enim
2182 2446 2360 2511 valet
2379 2447 2515 2532 jus,
2549 2446 2618 2508 in
2646 2445 2870 2531 aliquo

485 2553 631 2596 esse
675 2533 840 2611 loco,
887 2533 1015 2597 nisi
1059 2541 1214 2599 sunt
1257 2543 1603 2620 personae,
1650 2555 1819 2622 quae
1854 2536 2011 2617 jura
2051 2541 2395 2611 tueantur,
2442 2541 2509 2596 et
2532 2531 2709 2618 quod
2734 2552 2867 2597 non

485 2616 678 2684 aliter
737 2640 962 2705 quam·
999 2621 1357 2688 secundum
1421 2643 1500 2687 ea
1562 2623 1632 2690 in
1680 2621 1989 2687 omnibus
2053 2642 2397 2692 causarum
2444 2619 2869 2706 processibus

477 2703 783 2790 judicent
843 2713 909 2770 et
970 2707 1352 2792 procedant.
1443 2713 1506 2791 ξ.
1575 2709 1637 2774 2.
1708 2709 1885 2776 Sane
1932 2708 2428 2774 urburariorum
2486 2705 2871 2792 jurisdictio

481 2799 584 2857 est
603 2791 906 2874 judicare
938 2792 1151 2858 solum
1197 2817 1291 2870 ea,
1338 2817 1508 2880 quae
1542 2793 1627 2860 ad
1654 2804 2035 2861 montanum
2064 2793 2502 2859 dinoscuntur
2536 2792 2865 2873 judicium

479 2879 840 2966 pertinere3
912 2879 992 2944 de
1053 2881 1297 2946 forensi
1359 2891 1578 2947 autem
1618 2882 1866 2968 judicis
1903 2881 2367 2967 jurisdictione
2411 2882 2481 2944 in
2526 2879 2653 2947 hoc
2696 2878 2869 2946 libro

478 2965 642 3030 nihil
688 2965 1004 3047 dicemus,
1050 2968 1166 3033 sed
1209 2977 1464 3034 tantum
1512 2991 1613 3050 ea,
1660 2991 1831 3059 quae
1877 2968 2172 3033 montani
2218 2976 2372 3032 sunt
2408 2965 2668 3051 judicii,
2716 2989 2865 3051 pro-

480 3073 850 3140 sequemur.
943 3059 1005 3136 ἓ.
1051 3057 1112 3122 3.
1161 3055 1510 3122 Sanoimus
1556 3059 1754 3122 etiam
1803 3057 2114 3141 deinceps
2158 3055 2431 3120 firmiter
2495 3052 2860 3136 observari,

483 3162 569 3205 ne
613 3138 943 3205 urburarii
1003 3142 1110 3207 vel
1147 3142 1363 3226 Judex
1407 3165 1603 3230 quem
1651 3144 1778 3210 sibi
1827 3143 2300 3220 substituerint,
2354 3140 2609 3226 judicio
2669 3163 2861 3226 prae-

476 3226 736 3293 sideant
793 3236 1128 3311 montane,
1192 3231 1321 3294 nisi
1384 3232 1469 3295 ad
1527 3232 1748 3296 minus
1811 3240 2069 3316 praesto
2130 3229 2377 3294 fuerint
2438 3226 2568 3292 duo
2632 3226 2861 3312 jurati.

475 3315 710 3380 Tutius
753 3324 973 3380 tamen
1020 3319 1160 3398 erit,
1206 3325 1280 3382 ut
1303 3317 1567 3404 quando
1612 3318 1833 3397 plures
1878 3317 2121 3382 habere
2166 3315 2473 3400 poterint,
2512 3313 2864 3395 advocare,

475 3424 628 3467 nam
673 3402 932 3466 firmum
978 3411 1043 3468 et
1087 3403 1412 3490 integrum
1463 3414 1561 3470 est
1596 3405 1943 3489 judicium,
2004 3403 2179 3492 quod
2234 3403 2663 3488 plurimorum
2713 3423 2861 3467 sen-

473 3489 696 3556 tentiis
747 3489 1194 3555 confirmatur.
1269 3492 1358 3556 Et
1403 3492 1765 3558 secundum
1813 3497 2173 3558 sententias
2208 3490 2584 3576 juratorum
2629 3497 2860 3556 tenen-

475 3584 585 3641 tur
627 3574 958 3640 urburarii
997 3576 1319 3662 J'udicare,
1381 3601 1422 3644 a
1482 3581 1719 3666 quibus
1781 3577 2073 3662 legitime
2118 3600 2252 3643 non
2300 3577 2499 3642 fuerit
2544 3589 2858 3660 provoca—

473 3671 633 3727 tum.
681 3667 740 3746 §-
785 3664 847 3749 4,
893 3661 1058 3729 Item
1081 3664 1328 3730 debent
1371 3687 1520 3731 esse
1562 3689 1604 3732 a
1646 3665 1967 3732 violentia
2010 3671 2078 3730 et
2123 3687 2162 3729 a
2206 3661 2567 3750 cupiditate
2598 3664 2857 3745 remoti,

473 3771 552 3814 eo
597 3747 774 3836 quod
818 3748 1138 3816 violentia
1195 3760 1296 3816 est
1361 3750 1621 3837 legibus
1664 3753 1951 3832 inimica,
2011 3761 2077 3818 et
2143 3751 2439 3837 acceptio
2508 3771 2855 3816 munerum

477 3844 576 3902 est
617 3838 1098 3922 praevaricatio
1145 3839 1460 3906 veritatis.
1553 3844 1618 3922 ξ.
1662 3837 1726 3906 5.
1771 3841 2010 3905 Merito
2056 3839 2254 3921 etiam
2303 3835 2855 3903 commendantur

473 3922 818 4004 urburarii,
864 3924 1104 4010 quibus
1149 3947 1272 3990 nee
1317 3926 1516 4007 furor,
1562 3947 1686 3992 nec
1730 3928 1865 4007 ira,
1897 3926 2011 3992 sed
2056 3926 2225 3992 ratio
2257 3923 2669 4005 dominatur3
2719 3944 2855 3988 non

470 4011 646 4076 enim
693 4011 791 4075 ira
848 4012 975 4075 viri
1035 4011 1165 4078 Dei
1219 4013 1543 4098 justitiam
1608 4022 1933 4100 operatur.
1993 4014 2135 4079 Nee
2178 4013 2355 4078 enim
2395 4008 2610 4094 J'udex
2655 4009 2855 4075 debet

459 4097 762 4182 judicare
830 4097 1070 4163 furoris
1127 4105 1470 4187 tempore,
1505 4099 1624 4165 sed
1690 4123 1838 4166 cum
1903 4108 2002 4166 est
2044 4103 2115 4165 in
2178 4101 2420 4165 mentis
2481 4094 2851 4182 tranquilli-

469 4191 622 4249 tate.
682 4183 1067 4251 Laudabilis
1113 4195 1213 4251 est
1257 4209 1413 4272 ergo
1458 4189 1528 4251 in
1567 4186 2020 4274 judicantibus
2086 4185 2202 4251 illa
2263 4182 2546 4264 cautela,
2605 4185 2675 4248 in
2721 4204 2856 4270 qua

469 4277 676 4335 totum
723 4273 892 4337 ratio
940 4276 1095 4356 agit,
1145 4281 1212 4338 et
1253 4275 1356 4339 ira
1401 4282 1466 4340 et
1509 4274 1691 4338 furor
1734 4271 1896 4338 nihil
1944 4273 2069 4338 sibi
2134 4272 2478 4352 vendicat;
2554 4291 2703 4334 nam
2750 4291 2851 4334 re-
