3150 5017
1537 340 1843 408 -154
1944 377 2015 397 --

590 511 964 578 chionatum
1027 511 1284 596 Styrise
1343 511 1429 578 ad
1489 529 1759 578 manum
1804 513 2065 600 imperii
2112 521 2181 580 et
2222 511 2307 578 sd
2352 520 2643 580 nostram
2692 510 2767 578 de
2800 512 2923 598 jure

573 599 798 664 ,libere
843 598 1206 679 devolutos,
1253 620 1402 663 cum
1450 597 1753 666 omnibus
1820 599 2035 665 feudis
2102 599 2187 664 ad
2257 597 2467 666 dictos
2534 597 2697 665 duos
2752 596 2919 684 perti-

591 683 897 752 nentibus
963 686 1387 771 principatus,
1455 687 1540 750 ab
1608 686 1881 770 imperio
1948 687 2191 752 debitis
2236 696 2303 750 et
2346 687 2683 752 consuet-is
2722 685 2917 756 teneri,

591 771 998 856 integraliter
1043 780 1110 836 et
1151 773 1272 860 sim
1327 772 1542 836 liciter
1582 773 1651 836 in
1696 771 1965 838 feudum
2012 772 2455 851 concedimus,
2502 773 2691 872 eique
2736 781 2794 836 et
2830 765 2923 831 hu-

581 859 873 942 jusmodi
919 859 1054 922 suis
1100 859 1254 923 here
1305 856 1450 922 ibus
1495 859 1565 921 in
1612 866 2003 946 perpetuum
2050 861 2417 946 praesentis
2479 857 2706 944 scripti
2748 865 2922 942 patro-

589 945 776 1008 cinio
804 944 1192 1025 stabilinum,
1236 943 1319 1009 ab
1364 947 1508 1030 ipso
1555 952 1623 1009 et
1667 945 1804 1009 suis
1850 941 2201 1011 heredibus
2249 943 2797 1032 quemadmodum
2848 947 2923 1005 est

586 1031 1084 1116 praescriptum,
1124 1029 1272 1112 jure
1318 1041 1384 1094 et
1427 1030 1615 1095 titulo
1662 1025 1911 1096 feudali
1958 1042 2274 1118 perpetuo
2317 1027 2769 1118 possidendos.

761 1166 962 1232 Nulla
1019 1165 1220 1252 igitur
1274 1189 1555 1253 persona
1612 1163 1912 1233 sublimis
1982 1165 2091 1234 vel
2156 1165 2455 1251 humilis,
2512 1163 2923 1234 ecelesiastica

591 1253 697 1340 vel
743 1253 1095 1335 mundana,
1159 1263 1534 1341 praesumat
1596 1253 1791 1340 hujus
1857 1263 2121 1321 nostrae
2166 1256 2574 1336 investionis,
2620 1249 2923 1318 confirma-

589 1342 788 1405 tionis
831 1349 896 1405 et
940 1343 1378 1406 concessionis
1425 1349 1689 1406 nostrae
1734 1342 2042 1427 paginam
2088 1340 2467 1426 infringere,
2523 1337 2633 1404 vel
2698 1339 2755 1404 ei
2796 1355 2926 1400 ausu

589 1428 930 1492 temerario
991 1427 1334 1492 contraire.
1427 1424 1621 1508 Quod
1680 1427 1791 1512 qui
1850 1427 2097 1506 fecerit,
2157 1430 2302 1514 ipso
2360 1426 2535 1494 facto
2594 1448 2669 1490 se
2713 1421 2929 1489 noverit

590 1512 882 1578 bannum
927 1513 1186 1598 imperii
1232 1520 1296 1577 et
1341 1523 1603 1579 nostrae
1649 1512 1965 1578 offensam
2011 1512 2419 1579 celsitudinis
2464 1511 2829 1577 incurrisse.

759 1599 840 1663 In
885 1600 1156 1663 istorum
1206 1608 1426 1664 autem
1470 1600 1763 1664 omnium
1788 1601 2233 1666 testimonium
2281 1608 2346 1664 et
2395 1599 2790 1664 evidentiam
2817 1593 2927 1681 ple*

587 1685 858 1760 niorem,
903 1706 1217 1771 praesens
1264 1685 1574 1771 scriptum
1624 1683 1864 1752 exinde
1909 1685 2235 1756 conscribi
2280 1695 2349 1750 et
2390 1683 2605 1770 sigillo
2670 1683 2931 1768 majesta-

586 1773 672 1836 tis
716 1779 974 1834 nostrae
1009 1773 1330 1857 jussimus
1377 1770 1785 1839 communiri.

759 1855 1006 1921 Datum
1066 1855 1488 1946 Aquisgrani,
1549 1877 1726 1922 nona
1787 1857 1891 1921 die
1935 1857 2236 1942 Augusti,
2296 1856 2673 1921 Indictione
2717 1860 2928 1941 quarta,

590 1940 790 2008 Anno
865 1943 1135 2008 Domini
1205 1941 1556 2009 Millesimo
1640 1943 2089 2014 ducentesimo
2156 1943 2569 2033 sexagesimo
2658 1938 2931 2016 secundo,

586 2031 769 2115 regni
825 2051 974 2095 vero
1020 2032 1226 2095 nostri
1271 2038 1478 2099 sexto.

1628 2200 1927 2224 Ἣ

1729 2378 1829 2445 51.

919 2513 1204 2596 Forma,
1253 2511 1673 2599 locationis
1729 2510 2154 2601 civitatum
2203 2513 2631 2616 regiarum.

1592 2647 1707 2716 Cc.
1774 2653 1961 2722 1262.

793 2807 996 2874 Regem
1021 2805 1388 2872 Premyslaum
1425 2807 1715 2858 Otacarum
1750 2803 1827 2858 11.
1860 2803 2119 2872 plurimas
2155 2808 2397 2861 civitates
2432 2805 2743 2858 condidisse
2776 2809 2928 2854 notum

582 2883 678 2939 est,
721 2878 810 2940 qui
845 2878 970 2928 ideo
1003 2877 1280 2928 civitatum
1317 2877 1560 2927 conditor
1595 2881 1885 2938 auctorque
1916 2875 2035 2940 jure
2072 2876 2426 2941 appellandus
2462 2881 2557 2927 est.
2628 2877 2753 2944 Quo
2787 2878 2931 2924 sutem

579 2945 798 3010 planius
841 2945 937 2997 fiat
971 2952 1128 3011 atque
1165 2945 1442 2996 intellectu
1479 2944 1711 3010 facilius,
1748 2946 1942 3012 quibus
1968 2943 2107 3009 juris
2142 2945 2537 2998 conditionibus
2556 2939 2805 3010 primitus
2829 2955 2933 2992 usae

579 3014 689 3065 sint
735 3015 976 3066 civitates
1023 3012 1241 3080 regiae,'
1291 3015 1525 3079 diploma
1582 3015 1645 3063 tle
1700 3013 1916 3064 civitate
1962 3012 2215 3064 Obrudim
2270 3015 2423 3065 Nova
2468 3013 2755 3066 condenda
2790 3030 2818 3069 e
2852 3011 2929 3064 Co-

581 3081 698 3133 dice
732 3083 1080 3134 formularum
1115 3084 1541 3148 Regiomontano
1581 3081 1909 3132 exhibemus.

790 3152 988 3218 (Voigt,
1025 3151 1154 3204 Urk.
1191 3151 1566 3216 Formelbuch‚
1609 3152 1752 3216 113.)

753 3305 943 3371 Inter
1008 3304 1250 3370 multas
1311 3313 1376 3370 et
1437 3305 1677 3370 arduas
1743 3301 2205 3368 sollicitudinis
2267 3315 2459 3371 ouras
2504 3311 2570 3369 et
2614 3301 2937 3367 mordaces

579 3393 944 3474 instantias,
1014 3411 1182 3479 quae
1241 3392 1556 3457 continuo
1616 3391 1684 3454 in
1748 3391 1956 3457 nostri
2010 3391 2295 3475 pectoris
2368 3389 2523 3457 aula
2588 3395 2934 3461 versantur,

580 3476 748 3541 illud
805 3497 926 3542 nos
985 3478 1202 3562 attigit
1258 3477 1617 3562 potissime,
1678 3475 1846 3540 illud
1892 3477 2242 3562 praecipue
2286 3497 2408 3541 nos
2454 3475 2825 3562 compellat,
2866 3469 2935 3534 ad

578 3561 744 3630 illud
788 3565 1075 3634 maxime
1119 3584 1240 3628 nos
1286 3563 1631 3648 dirigimus
1674 3564 1881 3627 aciem
1929 3565 2165 3628 mentis
2208 3571 2488 3644 nostrae,
2533 3561 2689 3631 huie
2734 3557 2933 3626 solerti

579 3650 794 3716 studio
853 3651 1254 3715 intendimus
1315 3659 1380 3715 et
1438 3669 1775 3730 vacamus,
1840 3648 2123 3734 qualiter
2165 3669 2439 3734 regnum
2488 3658 2787 3713 nostrum
2830 3645 2934 3709 Bo-

577 3736 854 3818 hemiae‚
899 3745 1164 3801 nostrae
1225 3737 1593 3822 majestatis
1654 3731 1983 3802 hereditas
2044 3737 2347 3819 pretiosa,-
2395 3733 2654 3802 stabilis
2695 3733 2936 3800 firmita-

574 3825 660 3888 tis
704 3824 938 3888 robore
997 3821 1324 3897 fulciatur,
1391 3832 1459 3886 ut
1513 3823 1671 3887 dum
1712 3823 1783 3884 in
1833 3822 1969 3885 suis
2014 3820 2327 3886 membris
2372 3815 2635 3886 decenti
2680 3816 2933 3908 disposi-

577 3911 758 3974 tione
802 3911 1235 3995 componitur,
1279 3911 1484 3974 variis
1530 3917 1599 3975 et
1642 3908 1895 3972 decoris
1940 3907 2315 3993 praeradiet
2356 3909 2780 3973 ornamentis.

750 3996 828 4060 In
896 3997 1262 4081 praesentis
1319 3997 1520 4080 igitur
1582 3995 1901 4062 instantia
1954 3995 2267 4079 temporis
2325 3993 2449 4058 bac
2494 3987 2937 4058 sollicitudinis

577 4083 956 4145 commoniti
1001 4085 1272 4164 ratione,
1319 4103 1468 4146 cum
1513 4091 1773 4167 tempus
1820 4101 1891 4145 se
1934 4080 2109 4149 ultro
2152 4080 2401 4162 afferat,
2446 4079 2656 4144 subsit
2700 4071 2935 4142 causari

577 4167 930 4251 magnifica
987 4171 1193 4234 nostri
1252 4167 1546 4255 potentia
1606 4164 1912 4230 culminis
1978 4175 2239 4231 nostrae
2300 4165 2669 4234 serenitatis
2738 4158 2935 4247 aequi·

577 4251 826 4340 polleat
882 4253 1236 4319 voluntati:
1301 4253 1386 4318 ad
1451 4255 1661 4340 ipsius
1722 4253 1908 4337 regni
1956 4254 2163 4321 nostri
2210 4253 2411 4320 decus
2456 4259 2846 4338 perpetuum
2886 4249 2937 4310 et

582 4340 890 4408 decorem
933 4339 1146 4426 ipsius
1190 4339 1630 4425 stabilemque
1675 4340 2091 4409 firmitatem:
