3150 5017
522 341 655 389 nte.
695 342 798 389 m.
1359 292 1368 299 ’
1478 360 1563 373 -—
1660 323 1787 388 362
1874 358 1963 372 —

529 493 1004 582 deputandum.
1093 498 1156 576 ἓ.
1209 494 1306 560 17.
1351 493 1486 561 Sed
1531 496 1589 560 si
1636 515 1989 561 concessor
2032 492 2199 561 nihil
2246 493 2491 561 dixerit
2534 490 2880 559 concedenss

525 582 703 666 dum,
749 582 868 649 sed
905 579 1292 668 simpliciter
1313 603 1515 648 unam
1539 584 2033 649 concessionem
2057 582 2497 649 concesserit:
2540 589 2701 647 tunc
2724 577 2881 665 apud

523 667 704 735 illam
750 670 1244 735 concessionem
1290 668 1467 735 infra
1525 670 1654 735 tria
1759 668 2040 736 uartalia
2082 669 2281 735 unius
2325 689 2673 735 mensurae
2714 664 2877 731 nulla

523 754 656 821 alia
701 757 1037 823 concessio
1085 754 1524 837 concedatur;
1587 776 1716 844 quo
1800 758 1915 843 jus
1961 760 2155 823 etiam
2203 755 2271 821 in
2318 755 2589 823 aciebus
2634 772 2875 821 conces·

523 844 614 908 sis
674 840 890 908 locum
956 841 1266 927 deinceps
1327 843 1636 910 volumus
1700 842 2032 920 obtinere;
2094 865 2245 909 nam
2308 841 2423 908 ubi
2484 840 2717 909 'eadem
2787 847 2875 905 est

523 931 728 1011 rati0,
794 930 971 995 idem
1025 931 1138 1015 jus
1207 930 1629 995 statuendum
1698 938 1815 997 est.
1905 933 1965 1012 ἓ.
2014 930 2117 996 18.
2190 929 2438 995 Verum
2500 930 2557 995 si
2634 924 2883 1014 aliquod

520 1016 952 1084 vertilabru'm
1015 1014 1212 1080 alicui
1273 1016 1697 1099 concedatur,
1760 1016 1937 1102 quod
2000 1018 2069 1081 in
2130 1016 2390 1103 vulgari
2437 1024 2881 1083 montanorum

522 1102 848 1190 Haspel
895 1102 1152 1185 dicitur,
1199 1112 1396 1189 prout
1435 1104 1609 1170 inter
1654 1125 1724 1170 se
1770 1102 2229 1169 contrahentes
2276 1104 2735 1185 convenerint,
2782 1122 2880 1167 ex·

522 1189 793 1255 coletur.
883 1193 944 1272 ἓ.
988 1190 1092 1255 20.
1161 1188 1297 1257 Sed
1357 1191 1412 1255 si
1471 1192 1648 1256 inter
1727 1212 1839 1256 eos
1900 1188 2066 1255 nihil
2132 1191 2217 1257 sit
2277 1191 2547 1271 dictum,
2614 1196 2889 1255 extunc

521 1276 921 1362 principales
982 1277 1204 1364 coloni
1263 1278 1672 1343 secundariis
1738 1285 2046 1343 tenentur
2112 1278 2182 1343 in
2252 1298 2445 1343 coreo
2512 1286 2578 1343 et
2634 1274 2890 1341 funibus

523 1362 897 1445 subvenire,
962 1371 1024 1429 et
1068 1383 1326 1451 aquam,
1390 1386 1473 1429 ne
1518 1365 1703 1450 ipsos
1747 1365 1819 1429 in
1863 1364 2092 1429 labore
2136 1362 2471 1450 impediat,
2516 1362 2889 1445 exhaurire3

524 1448 640 1515 sed
699 1450 808 1515 isti
859 1450 953 1516 ‘de
1011 1450 1336 1515 vertibulo
1384 1450 1631 1517 debent
1690 1471 1929 1537 aquam
1980 1472 2165 1515 suam
2212 1450 2298 1515 ad
2342 1470 2553 1538 aquae
2596 1450 2892 1517 haustum

521 1534 904 1601 colonorum
958 1537 1169 1623 princi
1222 1535 1425 1602 alium
1487 1538 1834 1621 derivare3
1882 1536 2158 1623 dignum
2220 1545 2321 1603 est
2382 1539 2579 1622 enim,
2649 1546 2723 1604 ut
2786 1536 2894 1624 qui

524 1622 778 1689 lucrum
825 1624 1047 1707 sentit,
1095 1561 1332 1690 debeat
1378 1624 1582 1690 etiam
1629 1625 1999 1711 gravamini
2048 1624 2417 1711 subjacere.

1547 2146 1721 2229 Gap.
1765 2145 1883 2211 Vl.

1239 2265 1340 2329 De
1384 2264 1689 2350 emptione
1732 2270 1801 2327 et
1830 2262 2201 2328 venditione.

697 2402 866 2469 Cum
911 2401 1076 2467 nihil
1109 2402 1522 2489 antiquitatis
1563 2399 2007 2486 ignorandum
2052 2400 2173 2466 sit:
2219 2420 2300 2465 ac
2321 2400 2505 2481 nosci
2552 2402 2899 2481 conveniat
2933 2454 2941 2460 .

522 2491 638 2573 rei,
687 2490 771 2555 de
816 2510 948 2576 qua
993 2490 1203 2555 acturi
1250 2510 1496 2572 sumus,
1542 2489 1865 2573 originem
1912 2494 1977 2553 et
2022 2493 2348 2570 naturam,
2393 2495 2467 2552 ut
2512 2487 2659 2575 ejus
2706 2487 2897 2554 intel·

520 2575 730 2644 lectus
788 2574 1046 2641 facilius
1109 2574 1446 2643 habeatur.
1538 2575 1754 2657 Quam
1823 2574 1909 2639 ob
1969 2594 2108 2638 rem
2170 2574 2495 2639 veraciter
2555 2575 2899 2641 sciendum

520 2672 640 2745 est,
685 2661 947 2729 emendi
994 2662 1460 2750 vendendique
1505 2662 1828 2748 originem
1866 2682 1907 2725 a
1944 2659 2537 2746 permutationibus
2580 2663 2895 2749 coepisse.

521 2749 699 2817 Olim
744 2770 878 2814 non
923 2757 1063 2816 erat
1091 2771 1421 2832 nummus,
1469 2748 1587 2813 sed
1632 2748 2086 2833 unusquisque
2132 2746 2495 2813 secundum
2540 2750 2899 2815 necessita-

519 2846 649 2903 tem
711 2857 927 2901 rerum
988 2836 1263 2901 utilibus
1323 2835 1589 2901 inutilia
1635 2834 2082 2920 permutabat3
2153 2836 2464 2920 quoniam
2513 2834 2901 2921 plerumque

521 2922 761 3005 evenit,
829 2931 902 2988 ut
969 2922 1144 3008 quod
1219 2922 1408 2987 alteri
1479 2930 1798 3009 superest,
1865 2920 2058 2985 alteri
2104 2921 2292 2986 desit.
2384 2920 2517 2985 Sed
2564 2924 2727 3008 quia
2770 2944 2903 2987 non

520 3008 716 3075 facile
762 3008 1215 3091 concurrebat,
1264 3017 1337 3073 ut
1383 3029 1531 3073 cum
1581 3015 1653 3071 tu
1699 3006 2000 3089 haberes,
2045 3007 2221 3093 quod
2268 3006 2437 3073 alter
2474 3008 2903 3090 desideraret,

518 3096 804 3161 invicem
863 3094 960 3160 illi
1021 3094 1364 3177 haberent,
1425 3093 1603 3181 quod
1666 3101 1737 3157 tu
1799 3094 2098 3179 accipere
2144 3092 2385 3159 velles:
2434 3093 2684 3179 placuit
2730 3104 2899 3161 vete-

518 3182 702 3248 ribus
769 3184 922 3247 huic
989 3181 1358 3247 difficultati
1425 3178 1789 3246 remedium
1836 3179 2170 3262 adhibere,
2242 3178 2610 3261 statuendo,
2681 3190 2759 3247 ut
2823 3202 2905 3245 ex

521 3291 670 3335 aere
715 3268 930 3334 forma
973 3268 1241 3355 publica
1287 3266 1411 3343 sub
1458 3276 1641 3332 certa
1686 3267 2051 3352 quantitate
2096 3274 2162 3331 et
2207 3265 2527 3353 qualitate
2587 3287 2907 3354 percussa

521 3354 782 3421 emendi
827 3364 892 3421 et
936 3354 1270 3420 vendendi
1319 3355 1401 3419 de
1446 3363 1663 3419 cetero
1712 3374 1867 3416 usus
1912 3360 2107 3435 esset,
2155 3374 2276 3417 nec
2321 3352 2497 3418 ultra
2544 3362 2901 3440 utrumque

522 3462 793 3524 merces,
855 3441 972 3507 sed
1039 3440 1318 3506 alterum
1388 3441 1674 3527 pretium
1743 3446 2107 3505 vocaretur.
2208 3439 2681 3507 Verumtamen
2753 3461 2903 3505 cum

521 3530 767 3615 emptio
834 3538 899 3595 et
963 3528 1256 3595 venditio
1325 3525 1721 3592 correlativa
1790 3528 1941 3608 sint,
2002 3546 2157 3590 nec·
2186 3548 2388 3591 unum
2450 3528 2595 3591 sine
2642 3526 2903 3613 reliquo

522 3638 664 3681 esse
710 3616 950 3702 possit:
999 3614 1080 3681 de
1125 3617 1287 3701 ipsis
1331 3616 1581 3701 pariter
1626 3611 1987 3692 videamus,
2035 3614 2337 3697 quamvis
2380 3613 2469 3677 ad
2512 3613 2697 3679 hunc
2740 3622 2907 3679 trac-

519 3711 727 3767 tatum
797 3701 1234 3768 diversimode
1301 3724 1372 3767 se
1439 3700 1747 3781 habeant,
1812 3721 1961 3764 cum
2028 3700 2271 3785 emptio
2319 3721 2435 3785 per
2480 3700 2756 3765 modum
2803 3719 2909 3763 ac·

523 3790 827 3875 quirendi
873 3790 1292 3853 consueverit
1334 3788 1728 3873 regulariter
1794 3808 1865 3851 se
1931 3785 2193 3863 habere,
2268 3784 2385 3851 sed
2446 3786 2745 3852 venditio
2791 3806 2913 3874 per

523 3875 789 3941 modum
836 3874 1196 3941 minuendi.
2392 3914 2399 3921 -

697 3966 758 4045 ξ.
808 3967 864 4028 1.
927 3960 1356 4027 Contrahitur
1423 3968 1643 4025 autem
1709 3959 1953 4044 emptio
2014 3966 2079 4022 et
2141 3958 2465 4040 venditiO‚
2526 3959 2580 4023 si
2638 3966 2911 4027 contra-

525 4044 756 4113 hentes
799 4050 870 4113 in
917 4070 1123 4113 unum
1169 4048 1603 4113 convenerint
1635 4054 1813 4111 certo
1861 4046 2071 4131 pretio
2116 4047 2508 4129 constitut03
2555 4068 2711 4112 nam
2760 4047 2909 4111 sine

521 4136 733 4221 pretio
778 4134 962 4200 nulla
1006 4134 1306 4221 procedit
1347 4133 1665 4200 venditio.
1756 4135 1815 4214 ξ.
1862 4136 1921 4197 2.
1969 4131 2119 4197 Non
2164 4139 2385 4199 tamen
2428 4134 2623 4221 pretii
2668 4152 2903 4200 nume·

521 4224 708 4305 ratio,
779 4220 893 4287 sed
967 4222 1318 4287 conventio
1383 4219 1655 4307 profuit*
1698 4219 2035 4305 emptioni,
2104 4220 2406 4305 quamvis
2472 4220 2769 4289 nondum
2816 4216 2905 4283 sit

522 4309 806 4393 pretium
851 4316 1290 4390 numeratum,
1337 4329 1462 4372 nec
1506 4307 1701 4373 arrha
1747 4304 2011 4392 quidem
2060 4303 2215 4374 data
2256 4306 2489 4388 fuerit3
2536 4328 2687 4373 nam
2720 4300 2901 4393 quod
