3150 5017
1450 319 1535 335 —·-
1621 282 1763 351 232·
1835 318 1920 335 -

504 455 787 527 filiorum
834 478 1146 538 meorum,
1260 459 1328 521 ui
1392 459 1552 525 nuti¹
1578 466 1732 525 sunt
1775 466 1840 525 et
1884 459 1938 523 si
1987 460 2098 543 qui
2157 466 2512 545 nascentur
2554 459 2628 526 in·
2661 464 2842 544 poste·

503 564 668 623 rum,
715 545 1002 609 omnium
1072 543 1225 609 here
1274 566 1384 610 um
1455 554 1519 609 et
1586 565 2038 611 successorum
2103 565 2393 610 meorum
2459 546 2716 612 nomine
2771 546 2845 610 ad

512 652 765 711 manus,
812 640 1199 715 potestatem
1262 641 1328 695 et
1370 631 1731 697 dominium
1791 632 2119 710 Vestrum,
2187 633 2298 718 qui
2357 632 2642 720 recipitis
2681 654 2848 700 ame

516 719 1026 802 resignationem
1072 717 1349 785 eandem
1396 740 1514 805 pro
1546 718 1758 785 Vobis
1793 727 1866 783 'et
1911 718 2264 784 heredibus
2284 719 2536 785 Vestris
2579 741 2656 783 ac
2695 718 2848 785 here·

509 804 701 869 dibus
746 814 823 869 et.
856 802 1365 885 successoribus,
1410 828 1449 869 a
1501 804 1702 871 Vobis
1746 808 1812 870 in
1861 814 2246 892 perpetuum
2307 804 2850 887 descendentibus,

509 892 835 957 universis
880 893 948 957 in
996 894 1369 977 praesentia
1416 892 1934 977 subscriptorum
1965 894 2248 974 testium,
2296 894 2386 958 ad
2423 892 2550 959 hoc
2593 914 2707 979 per
2743 914 2852 972 me,

502 978 693 1059 filios,
742 980 1023 1045 barones
1054 989 1120 1043 et
1158 978 1411 1044 nobiles
1458 979 1738 1045 ducatus
1783 980 1910 1044 mei
1955 980 2324 1065 praedictos
2367 979 2734 1066 specialiter
2770 1000 2852 1044 ro·

504 1075 826 1153 getorum,
866 1076 939 1133 ‚et
982 1067 1371 1131 renuntians
1432 1088 1744 1152 expresse
1789 1088 1956 1148 meo,
2001 1065 2284 1131 filiorum
2331 1086 2645 1149 meorum,
2686 1066 2851 1132 here-

508 1152 687 1219 diu-m
734 1160 797 1217 et
858 1174 1311 1219 successorum
1375 1176 1666 1219 meorum
1729 1153 2172 1239 quorumlibet
2226 1156 2528 1237 nomine,
2587 1156 2850 1220 omnium

504 1237 1000 1327 privilegiorum
1065 1242 1444 1324 patrociniis
1515 1250 1579 1305 et
1623 1240 2057 1315 libertatibus,
2106 1262 2274 1327 quae
2319 1240 2477 1306 mihi
2523 1250 2592 1307 et
2633 1241 2854 1307 eisdem

505 1325 1081 1407 filiis,-heredibus
1124 1336 1189 1393 et
1232 1325 1727 1393 successoribus
1766 1329 1952 1408 meis,
2001 1329 2056 1392 si
2102 1348 2269 1414 quae
2315 1328 2585 1393 ducatui
2624 1329 2764 1415 ,ipso
2803 1335 2857 1393 et

492 1412 759 1501 juribus
804 1413 943 1499 ejus
988 1423 1369 1499 competunt
1412 1415 1516 1479 vel
1564 1423 1840 1499 possunt
1881 1424 2254 1501 competere
2298 1416 2369 1480 in
2413 1415 2724 1482 futurum.

558 1560 563 1567 .
677 1499 765 1565 Et
808 1500 1181 1585 specialiter
1212 1500 1323 1565 -illi
1385 1502 1676 1567 libertati
1735 1503 2139 1583 renuntians,
2201 1523 2394 1588 quam
2439 1507 2572 1569 mei
2615 1502 2858 1591 praede·

505 1608 799 1655 cessores
839 1586 1045 1653 duces
1103 1587 1499 1671 Opulienses
1560 1588 1930 1654 habuerunt
1989 1590 2059 1655 in
2119 1600 2316 1655 antea
2372 1597 2440 1655 et
2501 1612 2699 1677 quam
2750 1610 2858 1673 >ego

506 1675 849 1759 bucusque
896 1673 1118 1756 habui,
1164 1683 1228 1739 et
1270 1678 1401 1739 mei
1422 1675 1564 1757 filii,
1611 1674 1888 1741 heredes
1933 1685 1998 1740 et
2023 1696 2432 1742 successores
2476 1677 2547 1742 in
2591 1680 2858 1743 futurum

506 1761 895 1827 habuissent
938 1782 1022 1825 ex
1046 1762 1519 1827 consuetudine
1543 1761 1768 1848 aliqua
1789 1762 1896 1827 vel
1942 1761 2212 1848 dejure
2233 1764 2304 1828 in
2351 1785 2451 1844 eo,
2495 1764 2674 1851 quod
2715 1761 2859 1828 nulli

506 1848 943 1933 alteri.›princi
992 1849 1015 1911 i
1060 1858 1363 1933 poterant
1408 1849 1644 1934 subjici
1690 1848 1796 1914 vel
1851 1849 2165 1915 debeant:
2197 1852 2297 1915 do
2343 1850 2574 1933 Vobis,
2619 1851 2862 1917 domino

508 1956 674 2017 mee,
702 1936 789 2001 in
835 1934 939 2001 feo
990 1958 1098 1999 um
1144 1945 1211 2001 et
1248 1938 1399 2021 jure
1447 1935 2070 2023 feodipraedictum‹
2096 1938 2433 2019 ducatum,
2477 1938 2860 2025 dignitatem,

506 2021 768 2091 titulum
816 2031 879 2087 et
920 2022 1234 2089 honorem
1280 2023 1574 2108 ejusdem
1639 2024 1936 2105 ducatus,
1997 2045 2077 2089 ac
2121 2026 2340 2089 omnia
2399 2023 2534 2091 alia
2570 2028 2724 2113 jura
2757 2023 2864 2088 ‹du-

508 2118 695 2177 eatus
788 2111 1060 2175 raedicti
1106 2113 1325 2197 recepi
1372 2121 1436 2177 et
1481 2134 1566 2176 ex
1597 2132 1774 2175 nunc
1817 2111 2081 2197 recipio,
2127 2110 2336 2177 Vobis
2381 2120 2696 2199 tanquam
2739 2130 2864 2177 meo

508 2208 573 2263 et
616 2196 727 2263 feo
773 2198 793 2260 i
839 2196 1105 2263 domino
1150 2197 1525 2284 homagium
1573 2199 1700 2263 feci
1767 2207 1832 2262 et
1900 2198 2088 2280 facio,
2137 2206 2201 2263 et
2245 2197 2434 2265 vobis
2479 2200 2866 2277 fidelitatem,

510 2284 922 2349 devotionem
972 2294 1036 2349 et
1084 2283 1526 2350 obedientiam
1552 2292 1902 2371 perpetuas
1929 2286 2197 2370 promisi
2222 2294 2288 2350 et
2331 2305 2512 2351 nunc
2559 2286 2866 2373 promitto,

510 2369 834 2457 corporali
895 2372 1283 2457 interposito
1334 2374 1716 2459 juramento
1776 2374 1846 2436 in
1909 2373 2281 2458 praesentia
2345 2375 2610 2439 testium
2655 2392 2867 2440 eorun-

511 2457 678 2534 dem,
726 2458 1092 2523 ordinando
1120 2468 1202 2524 -et
1227 2459 1449 2525 omnia
1492 2460 1632 2524 fieri
1666 2458 1967 2537 volend0,
2013 2466 2083 2523 ut
2127 2458 2268 2541 filii,
2313 2457 2594 2527 heredes
2635 2470 2704 2527 et
2745 2479 2866 2525 suc·

510 2565 805 2614 cessores
848 2546 977 2609 mei
1024 2547 1315 2611 universi
1375 2548 1443 2611 in
1488 2548 1633 2633 ipso
1679 2544 1870 2611 feodo
1935 2544 2095 2610 mihi
2135 2546 2220 2611 de
2267 2555 2484 2613 cetero
2531 2546 2868 2613 succeden-

511 2645 608 2701 tes
656 2630 737 2695 de
762 2630 1065 2697 manibus
1104 2632 1359 2697 Vestris
1405 2641 1470 2698 et
1494 2654 1945 2698 successorum
1971 2632 2354 2699 Vestrorum
2401 2632 2577 2700 idem
2624 2634 2866 2700 feodum

516 2720 657 2783 sive
704 2717 1012 2783 ducatum
1061 2721 1351 2805 recipere
1375 2731 1440 2785 et
1462 2720 1690 2796 Vobis,
1737 2722 2102 2807 vestrisque
2127 2722 2624 2787 successoribus
2663 2720 2867 2786 homa-

510 2806 737 2891 gium,=
772 2804 1171 2871 fidelitatem.
1202 2818 1267 2871 et
1311 2806 1775 2889 obedientiam,
1837 2808 2224 2892 interposito
2269 2808 2464 2873 etiam
2503 2809 2864 2893 juramento

510 2893 907 2979 promittere,
954 2914 1033 2959 ac
1078 2892 1375 2959 similiter
1420 2894 1637 2960 facere
1683 2896 1752 2959 in
1800 2903 2188 2980 perpetuum
2235 2902 2608 2961 teneantur.

664 2978 1061 3064 -Obligando
1124 2979 1547 3045 nihilominus
1611 3002 1737 3060 me,
1799 2982 1988 3063 filios,
2033 2979 2310 3047 heredes
2357 2991 2422 3047 et
2468 3000 2868 3049 successores

514 3086 715 3147 meos,
778 3068 1053 3133 solemni
1102 3067 1524 3155 stipulatione
1586 3069 1989 3153 interposita,
2039 3066 2244 3133 Vobis
2287 3077 2353 3133 et
2396 3068 2872 3135 successoribus

512 3152 789 3229 Vestris,
834 3153 1145 3221 Boemiae
1188 3155 1475 3241 regibus,
1537 3165 1610 3220 ut
1655 3156 2171 3243 quotiescunque
2229 3162 2296 3219 et
2357 3156 2872 3242 quandocunque

512 3240 653 3306 Vos
704 3241 1037 3325 jusseritis
1102 3242 1207 3307 vel
1276 3242 1498 3309 Vestri⁴
1552 3242 1872 3329 jusserint
1945 3262 2376 3323 successores,
2450 3240 2590 3308 Vos
2651 3252 2718 3309 et
2770 3260 2872 3305 eos

518 3325 757 3391 'uvabo
824 3335 889 3391 et
954 3328 1177 3395 'uvare
1239 3327 1391 3395 volo
1452 3351 1571 3416 per
1631 3350 2040 3395 successores
2099 3348 2281 3395 meos
2338 3338 2568 3395 contra
2629 3348 2869 3395 omnem

560 3414 841 3483 ominem
868 3414 913 3479 fi
960 3417 1165 3496 eliter,
1214 3425 1347 3482 toto
1372 3436 1586 3503 posse,
1634 3423 1948 3505 tanquam
1984 3416 2229 3481 Vester
2272 3414 2565 3483 vasallus
2613 3412 2874 3503 quilibet

514 3502 659 3571 sive·
698 3499 859 3567 baro
905 3503 1090 3589 regni
1136 3502 1377 3585 Vestri,
1422 3524 1546 3569 nec
1591 3525 1723 3568 non
1769 3504 1854 3567 ad
1899 3503 2117 3569 omnia
2149 3510 2214 3568 et
2241 3502 2504 3588 singula
2545 3504 2613 3569 in
2655 3522 2870 3591 perpe·

518 3598 726 3671 tuum,
772 3610 940 3675 quae
976 3592 1133 3675 jura
1177 3589 1352 3655 feodi
1399 3591 1675 3675 exigunt
1735 3596 1802 3655 et
1859 3590 2218 3677 requirunt,
2277 3596 2344 3653 et
2402 3592 2600 3655 etiam
2645 3589 2730 3656 ad
2769 3586 2870 3653 illa

514 3696 680 3762 quae
706 3676 987 3762 quisque
1010 3676 1301 3745 vasallus
1326 3698 1447 3743 suo
1470 3698 1629 3743 vero
1675 3677 1938 3743 domino
1965 3677 2182 3743 facere
2217 3683 2430 3763 potest
2453 3687 2650 3765 atque
2669 3675 2868 3743 debet.

688 3762 1003 3829 Promitto
1050 3763 1340 3851 insuper,
1386 3774 1453 3830 et
1495 3765 1762 3852 promisi
1803 3786 1920 3851 pro
1945 3785 2067 3845 me,
2114 3762 2484 3842 heredibus,
2524 3775 2608 3831 et·
2635 3782 2873 3831 succes-

514 3848 775 3915 soribus
837 3852 996 3917 meis
1116 3852 1442 3934 raedictis,
1517 3852 1639 3917 sub
1701 3852 2015 3938 praestito
2081 3851 2478 3937 juramento,
2553 3850 2872 3939 praedicte

515 3936 735 4002 omnia
782 3946 845 4003 et
892 3875 1152 4025 singula
1198 3938 1677 4026 praedictorum
1746 3947 1892 4004 rata
1939 3949 2003 4003 et
2061 3938 2250 4003 firma
2294 3946 2518 4004 tenere
2575 3945 2643 4003 et
2682 3936 2868 4003 adim-

514 4022 697 4111 plere
773 4046 851 4090 ac
922 4048 1184 4098 servare
1254 4035 1594 4113 perpetuo,
1670 4047 1792 4093 nec
1851 4048 2140 4113 unquam
2203 4032 2431 4091 contra
2489 4024 2716 4091 eadem
2773 4017 2870 4086 vel

516 4132 745 4179 eorum
791 4110 1143 4200 aliquando
1192 4115 1437 4190 venire,
1483 4114 1593 4180 vel
1621 4113 1854 4188 facere,
1902 4136 2019 4200 per
2065 4135 2189 4195 me,
2235 4110 2343 4178 vel
2389 4133 2507 4199 per
2551 4111 2732 4192 alios,
2753 4104 2870 4172 ‚vel

516 4196 719 4265 alium
744 4219 1005 4286 quoquo
1025 4202 1237 4283 modo,
1265 4210 1331 4267 et
1351 4203 1728 4269 renuntiavi
1754 4222 2064 4289 expresse
2093 4209 2160 4266 at
2210 4220 2294 4266 ue
2316 4200 2619 4265 renuntio
2657 4207 2870 4265 tenore

516 4285 959 4375 praesentium
1006 4290 1074 4355 in
1124 4286 1429 4354 omnibus
1478 4289 1858 4377 praemissis
1933 4295 2000 4354 et
2037 4310 2172 4377 quo
2201 4286 2336 4355 ibet
2379 4288 2866 4375 praemissorum
