3150 5017
1432 297 1906 366 ..226-

475 471 659 623 ιιὶοιέξ
699 491 847 624 spem
884 473 1083 556 Juxta
1130 469 1307 558 quod
1348 470 1664 558 expedire
1701 469 2050 553 videbitur,
2088 470 2350 556 justitia
2393 480 2856 539 verumtamen

477 579 583 624 me
631 580 741 623 1an
811 605 831 626 .

652 661 751 727 11.
794 661 883 728 Et
928 662 1083 748 quia
1125 660 1399 748 dignum
1446 668 1564 744 est,
1610 659 1996 727 utcuilibet
2019 655 2464 748 subjectorum
2489 670 2864 728 nostrorum

466 751 787 837 justitiam
833 765 1338 815 conservemus:
1385 749 1440 814 si
1484 749 1724 836 aliquis
1769 749 1965 814 fuerit
2010 758 2356 814 aecusatus
2399 748 2506 814 vel
2574 748 2856 815 infama-

473 847 578 903 tus
622 835 837 919 nobis,
882 836 1097 902 eidem
1142 846 1448 901 accusato
1492 837 1602 902 vel
1648 835 1964 901 infamato
2027 837 2572 923 expurgationem
2622 857 2866 902 conce-

471 923 703 989 demus
747 923 1037 989 debitam
1097 933 1164 990 et
1222 923 1653 990 intimantem
1713 922 2201 988 nominabimus
2245 922 2355 988 vel
2417 923 2616 988 etiam
2661 939 2867 988 accu-

353 1053 356 1055 >
472 1016 759 1092 santem;
806 1032 886 1076 ac
929 1012 983 1076 si
1018 1031 1087 1076 se
1130 1011 1599 1097 expurgaverit
1633 1019 1824 1098 prout
1870 1009 2074 1094 decet,
2118 1008 2472 1077 infamator
2517 1009 2621 1075 vel
2667 1031 2860 1075 accu-

472 1106 647 1163 sator
690 1097 918 1164 eadem
966 1097 1236 1184 (poena)
1286 1099 1614 1183 puniatur,
1721 1118 1868 1162 uam
1931 1107 2280 1163 accusatus
2339 1096 2448 1164 vel
2509 1096 2866 1162 infamatus

473 1184 693 1252 subire
735 1183 1072 1267 debuerat,
1120 1186 1174 1250 si
1220 1201 1337 1272 per
1380 1200 1680 1274 expurga
1731 1205 1922 1252 onem
1986 1206 2169 1250 suam
2235 1183 2630 1270 condignam
2677 1186 2864 1252 inno·

471 1275 752 1338 centiam
799 1294 930 1338 non
977 1271 1343 1360 probasset.

498 1455 529 1470 Α,
650 1394 746 1461 12.
794 1393 1153 1461 Statuimus
1196 1393 1467 1482 insuper
1510 1403 1576 1460 et
1603 1383 1811 1458 'dictis
1870 1415 1991 1458 sex
2024 1394 2266 1478 juratis
2312 1416 2620 1482 expresse
2669 1418 2860 1478 inan·

472 1481 725 1564 damus,
770 1471 951 1570 quod
980 1482 1237 1562 justum
1282 1475 1493 1546 forum
1542 1480 1625 1546 de
1646 1479 2065 1562 victualibus,
2111 1482 2268 1546 vino
2297 1491 2364 1548 et
2407 1481 2702 1570 quolibet
2745 1507 2856 1570 po·

470 1578 577 1637 tus
621 1590 864 1657 genere
908 1576 1105 1654 atque
1167 1567 1247 1633 de
1309 1565 1604 1654 qualibet
1665 1588 1740 1632 re
1783 1565 1936 1648 alia,
1980 1588 2150 1654 quae
2195 1567 2507 1636 venditur
2549 1572 2660 1654 ad·
2682 1593 2864 1638 meu·

472 1677 711 1736 suram,
763 1657 1013 1741 justum
1077 1654 1291 1722 forum
1350 1663 1420 1719 et
1476 1675 1782 1722 mensura
1859 1653 2082 1722 debita
2143 1657 2506 1722 secundum
2563 1657 2860 1736 valorem

470 1742 722 1896 <ignatii
784 1751 1124 1844 statuatur,
1185 1751 1251 1808 et
1313 1740 1555 1808 hiidem
1618 1763 1738 1808 sex
1803 1741 2012 1825 jurati
2076 1738 2326 1810 faciant
2385 1741 2510 1809 hoc
2571 1747 2864 1812 strictius

471 1852 511 1896 o
561 1846 829 1899 servan.
1945 1865 1952 1872 ·

646 1953 743 2017 13.
788 1949 975 2016 Haec
1020 1959 1239 2016 autem
1286 1951 1507 2016 omnia
1550 1959 1616 2016 et
1663 1949 1924 2036 singula
1985 1959 2178 2037 prout
2239 1954 2582 2038 superius·
2614 1952 2856 2022 descri-

468 2040 731 2115 buntur,
794 2035 951 2103 dicti
1010 2057 1129 2103 sex
1180 2039 1387 2124 jurati
1446 2036 1726 2102 sollicite
1785 2046 1983 2124 atque
2041 2037 2326 2104 fideliter
2368 2035 2853 2128 adimplebunt,

468 2137 535 2196 et
574 2127 1015 2215 praecipimus
1058 2125 1174 2206 eis,
1222 2125 1398 2211 quod
1442 2125 1814 2190 executioni
1849 2125 2108 2188 debitae
2155 2127 2300 2192 sine
2344 2126 2494 2193 delo
2538 2138 2607 2193 et
2651 2131 2855 2216 capti-

468 2231 594 2281 one
638 2211 937 2301 quakibet
977 2212 1267 2278 debeant
1309 2211 1678 2278 emendare.
2837 2255 2844 2264 .

606 2396 608 2399 .
647 2338 747 2401 14.
792 2333 923 2400 Sed
970 2335 1025 2399 si
1070 2333 1237 2399 forte
1298 2331 1616 2421 praedicti
1677 2354 1796 2398 sex
1831 2335 2040 2418 jurati
2085 2335 2382 2421 praefata
2446 2333 2554 2404 vel
2600 2335 2856 2425 aliquid

467 2421 911 2511 praefatorum
956 2442 1074 2507 per
1118 2443 1188 2485 se
1234 2420 1507 2507 exsequi
1553 2443 1685 2486 non
1748 2417 2082 2504 valebunt,
2140 2430 2299 2489 tunc
2338 2421 2586 2510 judicis
2632 2434 2698 2491 et
2741 2424 2860 2492 ali-

471 2532 661 2576 orum
694 2509 1066 2596 juratorum
1116 2507 1431 2573 auxilium
1480 2507 1950 2596 implorabunt,
1995 2518 2060 2576 et
2106 2508 2346 2576 hiidem
2387 2507 2603 2598 judex
2645 2519 2714 2578 et
2750 2513 2856 2600 ju-

464 2597 592 2662 rati
638 2617 831 2660 omne
876 2594 1034 2696 ipsis
1080 2594 1427 2660 consilium
1466 2601 1530 2660 et
1553 2593 1873 2660 auxilium
1922 2597 2422 2682 inparticientur
2467 2593 2750 2666 fideliter
2792 2609 2856 2668 et

468 2683 743 2766 sincere,
790 2689 854 2747 ‘et
899 2681 1045 2747 ideo
1092 2681 1320 2770 scripti
1367 2684 1732 2769 praesentis
1781 2691 2006 2748 tenore
2051 2676 2438 2751 mandamus
2497 2685 2692 2768 dictis
2751 2681 2846 2772 ju·

467 2769 595 2836 dici
656 2779 721 2836 et
776 2769 1022 2854 juratis
1081 2767 1379 2834 civitatis.
1454 2771 1850 2857 quicumque
1897 2791 2014 2858 pro
2062 2778 2354 2860 tempore
2417 2772 2531 2840 illo
2561 2773 2838 2854 fuerint,

468 2856 643 2947 quod
688 2855 880 2922 dictis
925 2878 1045 2922 sex
1079 2856 1319 2942 juratis
1389 2859 1704 2922 assistant
1767 2856 2040 2923 consilio
2109 2866 2174 2923 et
2240 2861 2489 2926 auxilio
2559 2859 2847 2927 fideliter

467 2945 537 3011 in
584 2946 761 3009 omni
806 2941 1101 3024 articulo,
1148 2947 1714 3031 quotienscunque
1758 2967 1876 3032 per
1920 2966 2030 3009 eos
2077 2943 2323 3012 fuerint
2368 2947 2680 3034 requisiti.

484 3133 491 3140 ,
647 3067 748 3133 15.
794 3065 863 3134 Si
909 3087 1065 3130 vero
1106 3064 1347 3152 aliquis
1393 3087 1481 3130 ex
1523 3065 1879 3152 praedictis
1923 3087 2044 3132 sex
2079 3067 2320 3153 juratis
2341 3067 2448 3134 vel
2485 3069 2700 3154 judex
2745 3075 2856 3136 aut

468 3154 704 3240 aliquis
748 3174 831 3216 ex
867 3153 1107 3239 juratis
1152 3150 1437 3217 civitatis
1496 3174 1714 3253 prece,
1778 3154 2004 3239 pretio,
2067 3155 2218 3219 odio
2261 3153 2384 3220 vel.
2413 3175 2656 3233 amone,
2699 3154 2856 3224 dolo

468 3243 576 3311 vel
619 3260 1037 3328 quocumque
1083 3238 1257 3304 malo
1302 3240 1568 3325 ingemo
1616 3241 1958 3327 praedicta
2003 3243 2223 3307 omnia
2264 3249 2332 3308 et
2370 3242 2640 3328 singula
2684 3265 2854 3330 quae

465 3329 871 3418 praescripta
899 3335 1071 3406 sunt,
1118 3326 1377 3392 effectui
1408 3349 1539 3392 non
1570 3330 1902 3392 curaverit
1923 3329 2334 3414 mancipare:
2377 3339 2529 3415 post
2571 3330 2852 3416 primam

468 3415 913 3489 monitionem,
976 3435 1123 3481 cum
1187 3435 1382 3480 casus
1442 3416 1754 3499 exegerit,
1833 3417 2064 3498 viginti
2123 3414 2374 3482 talenta
2433 3418 2852 3482 denariorum

466 3502 678 3580 nobis,
744 3511 810 3566 et
870 3499 1095 3566 decem
1162 3499 1377 3585 judici
1437 3509 1503 3566 et
1558 3503 1811 3568 civitati
1889 3504 2030 3568 sine
2091 3502 2446 3588 cujuslibet
2501 3502 2850 3590 dispendio

467 3611 689 3661 morae
735 3587 975 3670 solvet3
1036 3596 1185 3674 post
1246 3587 1600 3654 secundam
1651 3590 2096 3670 monitionem,
2159 3589 2603 3677 quadraginta
2659 3589 2850 3656 nobis

465 3676 737 3757 talenta,
781 3674 1017 3760 viginti
1076 3695 1231 3741 vero
1286 3673 1497 3761 judici
1543 3696 1622 3740 ac
1667 3677 1865 3742 etiam
1924 3677 2176 3742 civitati
2191 3699 2216 3759 ς
2277 3686 2448 3763 post·
2477 3679 2736 3744 tertiam
2779 3679 2850 3744 iu

465 3763 813 3849 sexaginta
855 3761 1104 3828 talenta
1148 3762 1341 3830 nobis
1386 3762 1826 3840 mulctabitur,
1871 3773 1936 3829 et
1969 3761 2224 3830 civitati
2267 3773 2332 3829 et
2367 3764 2595 3849 judici.
2625 3766 2694 3832 in
2739 3766 2850 3830 tri-

464 3853 682 3938 ginta;
730 3858 893 3936 post
922 3848 1041 3914 has
1101 3857 1321 3915 autem
1368 3850 1764 3916 monitiones
1797 3850 1862 3915 -si
1923 3837 2140 3916 adhuc
2185 3872 2608 3938 perseverare
2651 3853 2846 3939 perti-

465 3939 695 4005 nentia
737 3937 1211 4004 contumaciter
1254 3938 1554 4018 enitetur,
1619 3946 1778 4003 tunc
1835 3937 2144 4040 perjurus
2203 3947 2270 4004 et
2327 3937 2592 4006 infamis
2653 3938 2851 4005 debet

466 4025 556 4092 ab
598 4025 901 4091 omnibus
938 4023 1226 4110 judicari
1287 4032 1352 4088 et
1412 4024 1685 4110 insuper
1745 4021 2161 4110 adjudicatus
2221 4026 2346 4092 erit
2403 4027 2594 4092 nobis
2653 4025 2852 4093 rebus

465 4113 711 4200 pariter
752 4119 817 4176 et
859 4132 1161 4197 persona.
2359 4143 2361 4145 ·

647 4215 745 4280 16.
792 4213 1152 4281 Statuimus
1196 4213 1283 4280 ad
1340 4214 1484 4297 hoc,
1546 4216 1722 4302 quod
1773 4214 1988 4303 judex
2031 4171 2402 4304 hagensis,
2444 4216 2846 4304 quicumque

465 4325 585 4394 pro
630 4310 924 4388 tempore
966 4302 1181 4377 fuerit,
1226 4321 1458 4370 causas
1503 4323 1728 4368 omnes
1774 4303 2168 4370 determinet
2209 4315 2279 4371 et
2312 4302 2570 4390 judicet
2611 4321 2843 4371 secun·
