3150 5017
1529 313 1791 385 ...98
1876 353 1963 370 ..-

723 491 1054 558 XXVIII.
1101 492 1350 558 Omnes
1387 491 1685 558 decrevi-

550 601 695 645 mus
737 580 1138 645 unanimiter
1193 587 1260 643 et
1303 578 1556 660 devote,
1616 587 1691 643 ut

549 668 946 754 quicumque
965 666 1322 731 Dominum
1347 665 1565 732 Deum
1582 664 1689 731 vel

549 754 910 820 Dominum
932 753 1199 820 Ihesum
1223 751 1556 818 Christum
1584 749 1691 817 vel

549 842 810 908 beatam
832 840 1112 906 Mariam
1143 839 1252 905 vel
1276 849 1538 905 sanctos
1559 839 1692 904 Dei

549 928 656 994 vel
703 936 1116 993 sacramenta
1159 925 1478 993 ecclesiae
1516 925 1691 991 blas-

546 1015 974 1102 phemaverit,
1017 1023 1260 1079 statuto
1305 1013 1531 1100 papali
1566 1031 1692 1164 pu-

548 1105 790 1183 niatur,
826 1099 1154 1183 videlicet,
1181 1108 1434 1186 septem
1459 1098 1564 1164 die
1614 1119 1692 1163 us

551 1189 900 1254 dominicis
960 1209 1108 1253 cum
1171 1188 1454 1272 corrigia
1519 1187 1696 1251 circa

549 1275 793 1342 collum
851 1275 1131 1362 nudipes
1187 1272 1489 1340 trahatur
1541 1281 1693 1338 ante

548 1363 1043 1450 processionem.
1099 1362 1276 1426 circa
1345 1357 1694 1426 ecclesiam

550 1447 992 1536 parochialem
1037 1457 1104 1514 et
1146 1447 1249 1512 his
1275 1447 1536 1530 diebus,
1575 1466 1695 1511 sex

553 1537 790 1602 diebus
805 1535 1066 1621 jejunet
1105 1534 1176 1598 in
1223 1553 1394 1620 pane
1413 1542 1482 1598 et
1503 1553 1695 1618 aqua,

551 1621 802 1688 nullam
863 1621 1208 1686 ecclesiam
1266 1617 1482 1684 medio
1535 1629 1695 1684 tem·-

551 1731 712 1798 pore
741 1711 1188 1792 ingressurusg
1213 1708 1271 1772 si
1289 1714 1512 1772 autem
1543 1727 1695 1792 poe-

553 1797 900 1861 nitentiam
943 1794 1406 1880 contempserit
1421 1839 1440 1875 ,
1482 1791 1697 1878 'sepul-

551 1892 702 1947 tura
741 1879 1025 1962 carebit3
1073 1883 1130 1946 si
1173 1889 1391 1946 autem
1435 1901 1508 1946 se
1549 1879 1696 1945 red-

553 1971 754 2034 imere
813 1968 1130 2048 voluerit,
1191 1966 1304 2034 det
1377 1966 1464 2031 ad
1527 1983 1734 2054 opus-

551 2056 873 2122 ecolesiae
950 2054 1196 2120 XXXX
1257 2053 1504 2120 solidos
1587 2050 1697 2118 vel

553 2144 826 2229 triginta
891 2141 1000 2206 vel
1077 2139 1442 2206 secundum
1501 2159 1695 2227 posse

555 2251 770 2296 suum.

727 2313 984 2381 XXIX.
1075 2313 1242 2380 Item
1366 2312 1693 2394 volumus,

555 2408 615 2486 ξ.
680 2404 735 2467 1.
791 2408 868 2466 ut
943 2401 1333 2487 quicumque
1407 2399 1695 2486 aliquem

547 2488 842 2576 judicem
885 2489 994 2552 vel
1031 2488 1327 2573 juratum
1349 2507 1570 2553 coram
1590 2487 1692 2572 ju-

557 2575 730 2639 dicio
777 2576 1081 2660 arguerit,
1127 2572 1326 2639 stabit
1362 2574 1431 2637 in
1480 2594 1695 2659 poena

555 2660 763 2745 iudici
821 2662 890 2725 in
945 2661 1068 2724 LX
1113 2659 1361 2739 solidis,
1421 2655 1695 2724 cuilibet

551 2750 774 2834 jurato
817 2749 889 2812 in
933 2747 1135 2827 XXX,
1173 2745 1386 2810 tribus
1417 2744 1691 2812 testibus

553 2835 898 2900 convictus
920 2832 1027 2898 vel
1071 2830 1210 2898 solo
1245 2833 1488 2919 Jurato.
1535 2836 1598 2915 ξ.
1629 2833 1689 2897 2.

555 2921 628 2986 Si
672 2931 890 2986 autem
927 2918 1224 3005 judicem
1255 2919 1362 2984 vel
1401 2919 1690 3004 juratum

553 3007 839 3095 aliquem
913 3013 1450 3092 praesumptuose
1515 3005 1689 3070 vitu—

556 3093 902 3181 peraverit,
963 3091 1242 3157 dicendo
1302 3113 1453 3157 eum
1517 3092 1690 3157 vilis·

555 3182 794 3246 simum
837 3178 946 3244 vel
990 3179 1370 3244 traditorem
1427 3178 1537 3244 vel
1582 3177 1691 3242 he-

555 3268 865 3332 reticum:
897 3273 1056 3330 tunc
1099 3265 1308 3330 tribus
1343 3265 1688 3330 dominicis

555 3353 682 3417 ibit
725 3352 812 3417 ad
855 3350 1234 3438 parochiam
1290 3353 1358 3416 in
1420 3351 1687 3438 publica

555 3441 859 3504 statione*
895 3447 1076 3503 stans
1133 3440 1204 3502 in
1265 3437 1398 3504 alto
1453 3459 1686 3503 -coram

557 3525 880 3606 omnibus,
927 3525 1128 3589 dicet:
1159 3524 1272 3608 „Si
1329 3523 1490 3589 talia
1548 3524 1687 3590 dixi

557 3613 638 3678 de
673 3611 901 3698 judice
944 3611 1052 3676 vel
1098 3611 1178 3675 de
1217 3612 1454 3694 jurato,
1501 3633 1685 3676 men-

553 3701 712 3765 titus
735 3721 877 3764 sum
903 3699 1072 3762 sicut
1092 3697 1510 3779 vilissimus“‚
1541 3719 1687 3784 per·

556 3783 862 3851 cutiendo
908 3804 978 3849 se
1023 3804 1222 3849 manu
1267 3785 1530 3871 propria
1571 3785 1685 3848 tri-

553 3872 678 3938 bus
722 3870 978 3936 vicibus
1022 3871 1092 3934 in
1137 3894 1210 3937 os
1255 3893 1468 3936 suum.
1516 3874 1575 3953 ξ.
1624 3871 1685 3935 3.

557 3958 628 4024 Si
673 3967 888 4023 autem
913 3956 1152 4043 aliquis
1176 3956 1370 4022 alicui
1395 3977 1512 4021 suo
1545 3958 1687 4044 pari

555 4044 664 4111 vel
693 4065 812 4110 suo
859 4046 1112 4109 concivi
1157 4043 1416 4110 fecerit:
1441 4054 1689 4130 poenae

557 4129 912 4197 solidorum
937 4130 1306 4215 subjacebit
1327 4133 1687 4210 convictus,

553 4219 725 4282 sicut
767 4225 919 4282 ante
965 4217 1212 4283 dictum
1245 4226 1364 4282 est.
1413 4221 1472 4300 ξ.
1519 4218 1578 4282 4.
1620 4218 1687 4284 Si

556 4311 774 4369 autem
822 4325 1044 4370 scurro
1090 4303 1198 4370 vel
1220 4303 1468 4370 lotarus
1491 4304 1691 4368 alicui

1965 487 2293 554 XXVIII.
2315 486 2417 552 De
2442 488 2924 575 blasphemam.

1792 577 2041 644 Omnes
2086 574 2497 642 decrevimus
2530 576 2926 642 unanimiter

1790 673 1857 730 et
1904 663 2157 746 devote,
2180 670 2255 726 ut
2282 664 2677 748 quicumque
2714 661 2930 728 Deum

1794 750 1902 816 vel
1921 751 2183 816 beatam
2208 747 2488 814 Mariam
2532 748 2641 814 vel
2674 757 2931 816 sanctos

1794 839 1926 904 Dei
1991 837 2097 902 vel
2144 843 2554 902 sacramenta
2612 834 2925 901 ecclesiae

1794 925 2367 1010 blasphemaverit,
2416 931 2657 988 statuto
2690 921 2929 1009 papali,

1795 1011 2103 1078 videlicet
2124 1018 2372 1096 septem
2398 1009 2744 1074 dominicis
2786 1031 2930 1073 cum

1797 1099 2078 1184 corrigia
2122 1099 2296 1161 circa
2353 1095 2593 1172 collum
2652 1095 2928 1182 nudipes

1796 1184 2091 1252 trahatur
2190 1193 2343 1248 ante
2450 1184 2931 1269 processionem

1796 1275 1973 1337 circa
1995 1270 2339 1337 ecclesiam
2382 1269 2847 1358 parochialem,
2872 1280 2930 1335 et

1798 1359 1903 1424 his
1935 1381 2055 1424 sex
2078 1357 2313 1424 diebus
2348 1359 2609 1444 jejunet
2651 1359 2719 1422 in
2766 1377 2931 1444 pane

1800 1455 1869 1512 et
1888 1467 2078 1532 aqua,
2104 1444 2354 1510 nullam
2410 1444 2755 1511 ecclesiam
2808 1465 2928 1508 me-

1800 1533 1910 1598 dio
1982 1542 2275 1618 tempore
2340 1533 2798 1616 ingressurus;
2884 1532 2931 1594 si

1802 1629 2023 1686 autem
2067 1617 2239 1682 hanc
2287 1627 2761 1704 contempnens
2808 1639 2931 1681 mo·

1802 1709 2039 1788 riatur,
2106 1704 2443 1792 sepultura
2514 1703 2796 1784 carebit3
2884 1706 2934 1768 si

1801 1815 1959 1858 vero
2024 1793 2308 1880 pecunia
2358 1790 2735 1857 satisfacere
2826 1812 2931 1857 vo-

1801 1880 2030 1959 luerit,
2092 1879 2203 1944 det
2260 1878 2348 1943 ad
2404 1900 2443 1943 o
2491 1900 2569 1943 us
2614 1877 2929 1943 ecclesiae

1800 1967 2041 2033 XXXX
2065 1965 2328 2048 solidos,
2374 1987 2455 2031 ve
2511 1966 2783 2050 triginta
2826 1963 2925 2031 vel

1800 2052 2164 2120 secundum
2209 2073 2404 2139 posse
2442 2073 2652 2117 suum.
2778 2090 2789 2108 ·

1971 2313 2230 2378 XXIX.
2277 2314 2378 2377 De
2420 2323 2721 2399 arguente
2754 2314 2930 2400 judi-

1800 2423 1927 2466 cem
1950 2400 2047 2464 vel
2050 2403 2366 2486 juratum.
2411 2399 2577 2470 Item
2607 2399 2927 2481 volumus,

1796 2492 1861 2569 ξ.
1886 2490 1941 2552 1.
1969 2497 2040 2551 ut
2084 2489 2486 2574 quicumque
2516 2486 2809 2573 aliquem
2831 2485 2931 2552 vel

1788 2574 2082 2662 judicem
2126 2573 2237 2639 vel
2264 2575 2553 2660 juratum
2585 2594 2814 2638 coram
2837 2577 2925 2659 ju-

1796 2661 1969 2726 dicio
2013 2663 2321 2745 arguerit,
2367 2660 2565 2726 stabit
2616 2661 2687 2726 in
2724 2681 2929 2747 poena

1796 2747 1999 2833 judici
2058 2749 2128 2810 in
2194 2747 2317 2812 LX
2362 2745 2608 2828 solidis,
2666 2747 2929 2813 cuilibet

1800 2835 2011 2899 ‘urato
2077 2835 2146 2897 in
2199 2833 2427 2916 XXX,
2504 2833 2717 2898 tribus
2760 2834 2927 2902 testi-

1844 2941 1925 2984 us
1968 2921 2307 2986 convictus
2350 2918 2459 2986 vel
2506 2918 2644 2984 solo
2692 2921 2923 3006 jurato.

1794 3011 1857 3089 ξ.
1903 3008 1962 3072 2.
2008 3005 2080 3072 Si
2124 3015 2344 3072 autem
2378 3005 2676 3094 judicem
2704 3007 2813 3072 vel
2828 3009 2923 3094 ju—

1794 3103 2009 3158 ratum
2056 3094 2341 3180 aliquem
2358 3108 2365 3114 ·
2384 3101 2921 3180 praesumptuose

1792 3181 2285 3266 vituperaverit,
2333 3179 2611 3245 dicendo
2638 3201 2787 3245 eum
2814 3178 2923 3246 vil-

1794 3264 2116 3331 lissimum
2194 3267 2301 3333 vel
2366 3267 2745 3332 traditorem
2830 3265 2924 3330 vel

1793 3351 2193 3418 hereticum:
2261 3363 2421 3418 tunc
2472 3352 2681 3420 tribus
2728 3353 2924 3419 domi-

1792 3440 1959 3505 nicis
2004 3439 2124 3505 ibit
2168 3441 2254 3505 ad
2298 3439 2675 3526 parochiam
2723 3441 2793 3506 in
2820 3459 2923 3527 pu·

1793 3525 1967 3591 blica
2011 3528 2301 3592 statione·
2336 3536 2516 3592 stans
2560 3528 2628 3591 in
2655 3526 2787 3592 alto
2828 3547 2923 3592 co-

1788 3630 1931 3676 ram
1977 3612 2299 3695 omnibus,
2344 3613 2551 3678 dicet:
2602 3613 2716 3696 „Si
2778 3612 2925 3678 talia

1788 3699 1933 3762 dixi
1947 3699 2028 3764 de
2038 3695 2263 3786 judice
2276 3699 2386 3764 vel
2402 3699 2487 3765 de
2502 3699 2736 3785 jurato,
2756 3717 2922 3766 men-

1790 3785 1949 3850 titus
2010 3803 2155 3850 sum
2239 3788 2409 3852 sicut
2474 3785 2917 3867 villissimas,“

1792 3870 2217 3960 percutiendo
2274 3893 2343 3938 se
2404 3891 2605 3938 manu
2662 3873 2919 3960 propria

1790 3958 2003 4023 tribus
2048 3957 2303 4024 vicibus
2347 3961 2416 4023 in
2462 3979 2535 4024 os
2582 3977 2809 4040 suum;
2872 3958 2919 4022 si

1791 4045 1995 4112 talem
2054 4040 2567 4112 satisfactionem
2644 4055 2917 4112 contem-

1791 4135 2014 4218 pserit,
2062 4133 2117 4198 si
2152 4133 2363 4219 judici
2409 4142 2475 4198 et
2509 4134 2752 4219 juratis
2792 4133 2916 4220 pla-

1794 4221 2038 4284 cuerit:
2059 4240 2277 4306 ‚super
2300 4219 2542 4305 collum
2568 4238 2757 4284 suum
2784 4238 2916 4306 pro-

1796 4306 2136 4373 scribatur.
2160 4311 2223 4389 ξ.
2248 4307 2307 4373 3.
2336 4305 2408 4380 Si
2448 4317 2667 4374 autem
2686 4305 2915 4394 aliquis
