3150 5017
1473 272 1967 338 ...104-

566 449 782 517 omnis
805 441 1076 512 invasor
1098 447 1332 512 domus
1355 447 1570 532 capite
1586 466 1702 532 pu-

561 539 797 602 niatur.
845 539 908 616 ξ.
949 535 1012 598 2.
1057 533 1202 598 Tali
1247 543 1466 598 autem
1507 531 1703 597 modo

565 625 900 688 vincetur:
949 621 1364 686 Domesticus
1426 620 1538 705 qui
1599 620 1701 682 in-

568 731 767 775 vasus
829 715 964 787 est,
1022 730 1107 770 ex
1170 714 1448 792 utraque
1516 713 1705 790 parte

567 798 800 861 domus
846 815 1004 858 suae
1049 793 1214 857 duos
1257 795 1512 857 vicinos
1551 812 1703 856 suos

565 881 838 948 habebit
882 889 1119 958 testes;
1167 900 1332 965 quos
1374 881 1428 943 si
1461 878 1705 942 habere

563 990 696 1033 non
743 975 973 1053 potest,
1015 987 1220 1030 unum
1255 964 1493 1030 habeat
1522 974 1704 1029 trans

565 1057 762 1135 viam,
788 1051 989 1117 alium
1015 1074 1170 1116 vero
1197 1054 1484 1117 vicinum
1513 1073 1705 1115 suum

571 1150 636 1208 et
680 1140 842 1204 alios
888 1137 1132 1225 probos
1179 1140 1378 1202 viros.
1424 1142 1482 1220 ξ.
1517 1137 1576 1202 3.
1618 1136 1707 1201 Et

569 1230 625 1293 si
643 1227 924 1292 eundem
957 1226 1329 1290 invasorem
1355 1226 1581 1288 vivum
1600 1222 1707 1288 vel

569 1324 901 1378 mortuum
945 1313 1185 1398 hospes
1230 1313 1298 1376 in
1347 1311 1542 1375 domo
1588 1331 1709 1374 sua

569 1401 950 1466 retinuerit:
1005 1397 1360 1485 praedictis
1427 1398 1707 1462 testibus

571 1487 912 1553 convictus
955 1484 1062 1550 vel
1096 1506 1226 1548 uno
1247 1486 1490 1570 jurat0,
1533 1484 1707 1570 capi·

569 1573 685 1639 tali
753 1573 1076 1636 sententia
1136 1573 1464 1656 puniatur.
1527 1575 1587 1652 ἓ.
1646 1569 1707 1634 4.

573 1661 642 1725 Si
674 1666 890 1722 autem
923 1659 1191 1721 invasor
1221 1677 1481 1742 quoquo
1513 1656 1707 1720 modo

574 1745 894 1828 effugerit,
925 1753 990 1807 et
1019 1752 1166 1828 post
1195 1742 1360 1808 haec
1389 1745 1709 1808 innocens

576 1852 722 1897 esse
767 1828 1068 1911 voluerit,
1116 1851 1262 1894 cum
1296 1828 1518 1914 probis
1549 1829 1709 1893 viris

575 1921 644 1982 in
667 1937 860 1982 cruce
891 1939 960 1980 se
993 1917 1444 2001 metseptimus
1476 1937 1709 2000 expur2

575 2003 778 2090 gabit,
824 2001 933 2068 vel
977 2024 1108 2066 uno
1143 2004 1385 2087 jurato.
1433 2007 1492 2084 ἓ.
1539 2004 1599 2068 5.
1640 2001 1711 2067 Si

574 2111 732 2156 vero
799 2088 1080 2175 simplex
1161 2089 1568 2175 querimonia
1629 2088 1711 2152 de

577 2177 798 2263 aliquo
875 2179 1180 2240 invasore
1254 2174 1432 2240 facta
1496 2174 1713 2250 fuerit,

575 2263 752 2329 solus
806 2263 876 2326 in
933 2284 1120 2326 cruce
1182 2283 1250 2326 se
1310 2263 1548 2348 poterit
1602 2283 1711 2326 ex·

577 2370 879 2436 purgare.

751 2433 972 2500 XLIV.
1059 2435 1184 2518 (De
1221 2434 1603 2517 homicidio.)
1650 2439 1707 2515 ξ.

591 2528 646 2586 1.
682 2521 959 2601 Quicum
1011 2542 1092 2585 ue
1169 2543 1288 2606 pro
1356 2520 1707 2585 homicidio

578 2613 911 2671 incusatus
999 2608 1164 2672 uerit
1225 2628 1372 2670 cum
1427 2606 1709 2693 simplici

580 2694 1047 2780 quaerimonia,
1092 2696 1161 2758 in
1208 2714 1400 2758 cruce
1432 2715 1500 2758 se
1531 2693 1713 2758 solus

579 2779 990 2866 expurgabit.
1024 2785 1082 2862 ἓ.
1111 2781 1171 2844 2.
1197 2780 1286 2844 Et
1317 2781 1712 2866 quicumque

579 2868 821 2932 civium
868 2864 1068 2930 habet
1111 2866 1284 2930 infra
1330 2888 1585 2930 murum
1627 2868 1711 2929 ci-

581 2954 804 3018 vitatis
839 2953 919 3016 de
951 2953 1311 3017 hereditate
1336 2953 1422 3016 ad
1443 2952 1713 3036 triginta

581 3061 854 3120 marcas,
915 3060 1033 3124 pro
1094 3036 1422 3103 homicida
1487 3038 1711 3122 fideju-

580 3126 736 3190 bere
781 3133 1014 3210 potest.
1046 3128 1103 3207 ξ.
1135 3126 1192 3189 3.
1223 3124 1293 3190 Si
1325 3126 1470 3210 quis
1493 3133 1711 3188 autem

581 3235 698 3298 pro
744 3210 1093 3276 homicidio
1139 3213 1476 3276 incusatus
1521 3211 1717 3276 fuerit

583 3307 644 3363 et
691 3319 759 3362 se
805 3318 1171 3382 expurgare
1218 3297 1516 3379 voluerit,
1549 3309 1714 3362 met-

582 3393 898 3468 septimus
929 3385 999 3447 in
1032 3406 1226 3448 cruce
1273 3405 1342 3449 se
1375 3405 1524 3449 cum
1556 3385 1717 3448 viris

584 3470 836 3535 idoneis
882 3470 1308 3555 expurgabit3
1365 3481 1587 3535 tamen
1646 3471 1717 3535 in

581 3557 757 3620 hunc
803 3554 1089 3620 modum.
1137 3560 1196 3638 ξ.
1242 3556 1302 3621 4.
1329 3557 1723 3639 (Juramenti

1808 445 2023 524 omnis
2050 445 2319 509 invasor
2332 444 2567 508 domus
2582 442 2795 528 capite
2815 441 2933 528 pri·

1805 540 2015 596 vetur.
2064 535 2123 614 ἓ.
2170 533 2231 596 2.
2278 531 2424 596 Tali
2482 538 2697 596 autem
2742 527 2934 592 modo

1807 619 2145 683 vincetur:
2188 618 2626 698 Domesticus,
2682 614 2799 702 qui
2840 615 2935 678 in-

1809 727 2005 770 vasus
2070 713 2185 780 est,
2252 727 2338 768 ex
2424 712 2700 789 utraque
2757 711 2937 788 parte

1810 791 2043 856 domus
2089 811 2249 855 suae
2294 789 2459 855 duos
2501 790 2737 854 vicinis
2792 809 2937 853 suos

1808 876 2077 942 habebit
2106 886 2337 956 testes;
2386 898 2549 962 quos
2594 878 2646 940 si
2700 874 2937 940 habere

1811 986 1941 1029 non
1989 972 2219 1050 potest,
2267 985 2469 1026 unum
2494 961 2737 1027 habeat
2764 969 2941 1026 nans

1810 1054 2007 1131 viam,
2034 1050 2235 1115 alium
2258 1071 2415 1115 vero
2438 1050 2727 1114 vicinum
2756 1069 2940 1112 suum

1812 1147 1879 1204 et
1922 1136 2087 1201 alios
2131 1135 2371 1223 probos
2416 1137 2612 1201 viros.
2658 1139 2719 1217 ξ.
2766 1136 2829 1200 3.
2862 1133 2943 1198 Et

1814 1226 1869 1288 si
1894 1223 2173 1289 eundem
2200 1225 2573 1288 invasorem
2596 1223 2825 1286 vivum
2843 1220 2940 1286 vel

1814 1318 2161 1389 mortuum,
2206 1309 2445 1395 hospes
2482 1311 2551 1373 in
2576 1307 2771 1374 domo
2794 1308 2941 1372 reti-

1813 1399 2061 1462 nuerit:
2110 1395 2463 1484 praedictis
2494 1393 2772 1462 testibus
2794 1416 2943 1460 con-

1813 1486 2027 1548 victus
2073 1482 2179 1548 vel
2248 1505 2381 1548 uno
2416 1485 2657 1569 jurato,
2704 1481 2835 1546 sibi
2856 1483 2943 1545 in·

1814 1569 1983 1636 ferat
2000 1571 2389 1636 sententiam
2416 1567 2765 1655 capitalem
2816 1572 2873 1649 ξ.
2888 1567 2943 1630 4.

1812 1657 1884 1722 Si
1928 1666 2145 1722 autem
2206 1658 2477 1721 invasor
2533 1675 2946 1742 quocumque

1816 1743 2010 1807 modo
2057 1744 2357 1828 effugerit
2401 1751 2467 1807 et
2513 1749 2659 1828 post
2700 1740 2831 1806 hoc
2860 1742 2946 1805 in·

1814 1850 2058 1894 nocens
2104 1851 2249 1895 esse
2294 1828 2596 1908 voluerit,
2632 1849 2785 1892 cum
2810 1849 2945 1914 pro·

1814 1915 1917 1980 bis
1961 1917 2121 1980 viris
2164 1917 2234 1980 in
2280 1936 2473 1980 cruce
2534 1935 2605 1979 se
2649 1923 2945 1998 met-sep-

1815 2003 2015 2067 timus
2060 2001 2473 2088 expurgabit,
2518 2000 2627 2066 vel
2672 2021 2809 2066 uno
2846 2002 2942 2086 ju-

1816 2096 1977 2153 rato,
2026 2094 2086 2171 §-
2114 2091 2173 2152 5.
2202 2088 2273 2154 Si
2300 2110 2457 2154 vero
2482 2087 2773 2174 simplex
2799 2107 2945 2175 que-

1815 2176 2095 2241 rimonia
2124 2175 2204 2240 de
2228 2174 2448 2261 aliquo
2472 2176 2781 2240 invasore
2807 2194 2939 2260 pro·

1816 2264 2031 2347 posita
2072 2263 2287 2343 fuerit,
2333 2260 2512 2326 solus
2542 2263 2610 2325 in
2642 2281 2843 2326 cruce
2884 2279 2945 2324 se

1816 2348 2227 2434 expurgabit.

1988 2434 2138 2500 XLI
2149 2436 2219 2500 V.
2266 2435 2365 2498 De
2389 2433 2757 2520 simpliciter
2778 2453 2945 2498 accu-

1812 2532 1965 2588 sato.
1990 2526 2049 2603 g.
2082 2528 2137 2586 1.
2170 2521 2582 2606 Quicumque
2606 2541 2725 2607 pro
2755 2519 2945 2584 homi-

1813 2608 1985 2674 cidio
2007 2610 2345 2672 incusatus
2368 2608 2563 2673 fuerit
2587 2604 2945 2692 persimpli-

1816 2717 1958 2758 cem
1978 2695 2473 2781 querimoniam,
2484 2695 2551 2758 in
2564 2713 2759 2757 cruce
2776 2714 2849 2757 se
2858 2713 2945 2755 so—

1812 2782 1917 2846 lus
1962 2780 2375 2866 expurgabit.
2399 2785 2459 2862 ξ.
2480 2781 2538 2844 2.
2563 2781 2652 2844 Et
2667 2781 2948 2864 quicum-

1819 2889 1945 2954 que
1977 2867 2217 2933 civium
2264 2865 2463 2932 habet
2502 2865 2680 2931 infra
2737 2885 2947 2930 muros
2983 2880 2993 2894 ‘

1818 2955 2105 3018 civitatis
2151 2953 2231 3016 de
2276 2951 2638 3018 hereditate
2662 2951 2748 3018 ad
2778 2949 2947 3018 XXX

1819 3059 2093 3119 marcas,
2153 3061 2272 3125 pro
2317 3039 2669 3104 homicidio
2728 3039 2945 3123 fideju-

1818 3126 1977 3191 bere
2022 3134 2254 3211 potest.
2344 3129 2404 3206 §-
2453 3127 2511 3191 3.
2560 3123 2630 3190 Si
2677 3125 2829 3211 quis
2878 3123 2945 3187 de

1819 3212 2169 3278 homicidio
2214 3213 2549 3276 incusatus
2574 3212 2795 3292 fuerit,
2846 3231 2945 3274 vo·

1820 3298 1963 3364 lens
2010 3319 2079 3363 se
2125 3317 2527 3384 expurgare:
2594 3296 2945 3383 met-septi·

1821 3407 1967 3450 mus
2026 3405 2209 3450 suam
2280 3386 2723 3452 innocentiam
2784 3405 2947 3450 com-

1821 3470 2127 3557 probabit
2170 3492 2316 3536 cum
2364 3473 2523 3537 viris
2566 3471 2695 3536 fide
2742 3469 2946 3554 dignis

1821 3561 1889 3622 in
1934 3557 2114 3622 hunc
2158 3559 2461 3622 modum:
2510 3562 2571 3639 ξ.
2614 3558 2676 3622 4.
2720 3557 2949 3622 Forma

581 3643 846 3723 modus.)
889 3641 1260 3707 Accusatus
1305 3644 1515 3728 primo
1531 3645 1716 3728 jura·
1805 3644 2106 3731 jurandi.
2152 3643 2520 3709 Accusatus
2552 3645 2765 3731 primo
2778 3645 2945 3729 jura-
3018 3693 3022 3700 .

583 3728 698 3809 bit,
763 3750 833 3792 se
903 3749 1046 3793 esse
1105 3730 1543 3808 innocentem,
1606 3729 1721 3793 alii
1822 3732 1919 3796 bit
1942 3751 2011 3795 se
2036 3751 2177 3795 esse
2199 3733 2636 3812 innocentem,
2682 3730 2799 3795 alii
2829 3740 2947 3794 tres

582 3825 716 3880 tres
753 3815 1092 3898 jurabunt,
1143 3837 1213 3881 se
1257 3816 1503 3881 vidisse
1526 3818 1718 3880 inno-

585 3901 864 3965 centiam
913 3921 1133 3981 suam3
1181 3902 1392 3966 ultimi
1437 3911 1569 3967 tres
1615 3903 1717 3986 ju-

581 3987 841 4067 rabunt,
888 3987 1036 4052 illos
1082 3998 1360 4074 quatuor
1395 3989 1576 4074 juste
1612 3991 1719 4076 ju-

584 4094 784 4138 rasse.
832 4078 890 4155 ξ.
937 4076 996 4139 5.
1045 4074 1358 4140 Similiter
1372 4075 1719 4162 jurabunt,

587 4161 694 4243 qui
721 4160 922 4224 vitam
949 4183 1132 4226 suam
1153 4162 1566 4226 defendendo
1606 4162 1721 4228 ali·

585 4267 694 4310 um
712 4246 1036 4314 occidunt.
1085 4253 1146 4332 ξ.
1173 4251 1231 4314 6.
1251 4249 1340 4316 Et
1365 4251 1417 4317 si
1446 4270 1717 4320 accusa·-

1814 3817 2135 3904 jurabunt
2194 3839 2263 3882 se
2323 3816 2584 3882 videsse
2650 3818 2945 3894 innocen-

1822 3905 1979 3968 tiam
2058 3925 2275 3980 suam,
2332 3904 2545 3968 ultimi
2606 3912 2744 3968 tres
2775 3904 2945 3989 jura·

1822 3990 2007 4072 bunt,
2070 3989 2219 4056 illos
2331 3999 2565 4055 uatuor
2608 3990 2795 4075 juste
2848 3990 2941 4074 ju·

1823 4099 2029 4142 rasse.
2074 4082 2139 4160 .§.
2188 4079 2251 4142 5.
2346 4076 2615 4142 imiliter
2647 4074 2945 4163 jurabunt

1825 4165 1937 4250 qui
1983 4167 2183 4228 vitam
2231 4167 2562 4251 propriam
2602 4161 2941 4228 defenden-

1828 4251 1910 4322 do
1956 4252 2241 4343 aliquem
2278 4251 2603 4316 occidunt.
2660 4253 2720 4334 ἓ.
2768 4251 2825 4315 6.
2868 4245 2943 4310 Et
