3150 5017
503 290 638 337 mn.
691 288 767 335 11.
1447 304 1536 318 —
1622 268 1753 335 324
1834 304 1925 320 —

491 438 593 509 ‘tis
635 442 994 508 mensurati
1039 439 1124 506 ab
1169 447 1447 528 utraque
1491 449 1700 529 parte,
1748 449 1821 506 ut
1853 442 1993 529 jam
2042 440 2300 507 dietum·
2350 449 2471 526 est,
2530 424 2879 527 adimpleri

506 552 638 595 non
683 530 956 616 poterit:
1019 537 1179 594 tune
1224 549 1310 593 ex
1355 550 1490 593 una
1533 536 1723 615 parte
1766 551 1995 595 omnes
2042 538 2292 615 septem
2353 529 2531 594 lanei
2588 548 2743 592 eum
2789 548 2884 593 re·

373 676 382 685 .
505 615 788 703 galibus,
851 614 1156 681 civilibus
1215 624 1284 682 et
1340 615 1548 682 laneis
1609 615 2025 682 dominorum
2085 638 2233 682 eum
2280 614 2584 681 omnibus
2626 623 2767 683 tam
2812 613 2883 679 in

501 702 835 789 pendenti,
881 723 1076 789 quam
1100 704 1458 789 injacenti‚
1504 704 1641 767 suis
1676 701 1943 789 juribus
1972 712 2469 787 mensurentur3
2512 700 2631 766 illa
2654 710 2879 765 autem

505 790 922 876 superfluitas
979 791 1050 854 in
1109 788 1326 854 medio
1386 788 1653 855 illorum
1710 788 1987 855 duorum
2034 791 2353 857 montium
2400 812 2487 855 ex
2530 796 2881 853 eonsuetu-

507 877 660 943 dine
697 879 853 962 jam-
881 875 1130 941 dudum
1177 898 1356 942 more
1399 877 1721 941 utentium
1746 876 2154 963 approbata,
2200 900 2333 943 non
2372 878 2677 943 obstante
2700 873 2880 959 Igla·

502 965 718 1030 viensi
783 960 1249 1029 constitutione
1309 965 1379 1027 in
1439 962 1562 1029 hae
1606 971 1810 1050 parte,
1858 964 1946 1030 ad
1990 972 2281 1029 nostram
2330 962 2643 1028 urburam
2690 960 2881 1025 dino-

506 1052 715 1117 scitur
743 1051 1112 1137 pertinere3
1159 1050 1614 1115 inventoribus
1662 1071 1816 1116 vero
1851 1052 2050 1138 juxta
2094 1072 2277 1115 suam
2325 1048 2884 1136 argentifodinam

511 1157 818 1225 mensura
863 1136 1080 1201 media
1123 1136 1554 1223 relinquatur,
1599 1137 1669 1203 in
1715 1159 1847 1224 qua
1892 1146 2066 1204 stare
2108 1139 2361 1224 possint
2404 1138 2535 1203 duo
2580 1135 2885 1201 homines

504 1224 855 1290 ordinatim
901 1224 970 1287 in
1016 1244 1222 1288 cornu
1268 1222 1581 1289 vertibuli
1625 1223 2024 1291 laborantes,
2070 1228 2127 1307 ἓ.
2172 1225 2235 1289 4.
2282 1223 2537 1306 Quodsi
2582 1223 2886 1309 quaestio

503 1311 607 1394 sit,
653 1330 801 1375 eum
847 1312 1098 1396 primus
1140 1310 1445 1375 inventor
1488 1310 1713 1397 plures
1756 1311 1998 1377 habeat
2042 1310 2579 1396 argentifodinae,
2642 1332 2729 1374 an
2798 1331 2886 1373 ex

496 1397 615 1462 illa
657 1420 732 1461 ar
778 1396 1160 1479 entifodina,
1209 1418 1406 1483 quam
1444 1397 1649 1483 jurati
1680 1397 2037 1479 intrabant,
2083 1406 2339 1463 meatus
2362 1405 2709 1483 susceptus
2758 1394 2915 1462 sitz'

505 1506 734 1571 compe
763 1484 934 1549 letur
989 1484 1133 1569 ipse
1239 1485 1444 1548 rimus
1510 1486 1819 1550 inventor
1874 1486 2102 1570 jurare
2168 1487 2236 1549 in
2305 1484 2521 1550 medio
2566 1481 2888 1548 vertibuli

504 1571 798 1657 ejusdem
845 1568 1168 1655 argentifo
1218 1571 1387 1652 inae,
1451 1571 1628 1657 quod
1690 1593 1801 1635 ex·
1835 1572 2062 1637 eadem
2110 1573 2232 1636 rite
2278 1593 2357 1636 ae
2399 1569 2889 1635 rationabiliter

505 1658 867 1742 susceperit
926 1666 1211 1722 meatum
1275 1657 1581 1722 eundem.
1671 1662 1732 1739 ξ.
1787 1659 1847 1724 5.
1908 1658 2096 1722 Haeo
2153 1658 2383 1743 regula
2438 1678 2599 1722 vera
2658 1664 2781 1739 est,
2832 1657 2887 1720 si

503 1740 1025 1829 argentifodinae
1071 1744 1203 1808 sint
1237 1744 1408 1830 juris
1456 1743 1720 1826 diversi,
1766 1744 2016 1820 seilicet
2060 1745 2129 1808 in
2176 1743 2433 1809 duobus
2474 1743 2710 1825 laneis,
2772 1750 2889 1807 aut

501 1831 573 1895 in
631 1852 764 1895 uno
811 1829 1040 1895 eodem
1087 1831 1279 1897 laneo
1325 1831 1460 1895 sint
1503 1840 1758 1896 meatus
1804 1830 2085 1911 diversi3
2132 1830 2297 1896 alias
2334 1834 2561 1917 jurare
2608 1831 2886 1895 minime

505 1916 956 2001 compellatur.
1031 1918 1085 2002 ξ.
1131 1918 1192 1982 6.
1236 1917 1404 1981 Item
1449 1924 1659 1982 tracta
1704 1939 1871 1983 zona
1916 1917 2240 2005 quidquid
2283 1917 2457 1983 infra
2502 1918 2887 1982 mensuram

505 2004 806 2071 relietum
868 2002 1067 2069 fuerit
1124 2004 1194 2067 in
1253 2005 1711 2070 instrumentis
1774 2005 2101 2069 montanis
2148 2006 2289 2070 sive
2332 2005 2560 2069 ferreis
2603 2002 2717 2069 vel
2764 2002 2887 2089 lig-

506 2091 668 2174 neis,
730 2099 940 2155 totum
998 2091 1192 2156 novi·
1251 2089 1711 2157 inventoribus
1771 2091 2155 2156 remanebit.
2248 2095 2309 2173 ξ.
2357 2094 2417 2157 7.
2465 2089 2598 2157 Sed
2644 2090 2887 2179 quodsi

504 2178 573 2242 in
621 2177 813 2243 laneo
858 2198 990 2242 uno
1036 2178 1106 2242 in
1150 2175 1454 2263 pluribus
1519 2177 2023 2263 argentifodinis
2080 2178 2205 2243 rite
2262 2186 2637 2265 susceptum
2702 2199 2885 2243 mea-

500 2272 640 2330 tum
685 2265 990 2329 inventor
1037 2262 1278 2329 habeat
1323 2284 1472 2328 eum
1521 2264 1824 2331 metallo:
1886 2274 2051 2330 tune
2111 2264 2357 2331 debent
2406 2266 2634 2351 jurati,
2696 2265 2756 2329 si
2817 2266 2887 2328 in

498 2352 714 2437 prim-a
760 2349 1247 2435 argentifodina
1293 2350 1629 2417 sufficiens
1674 2372 1805 2416 non
1850 2352 2049 2417 fuerit
2092 2352 2429 2418 metallum
2490 2350 2573 2417 ad
2620 2372 2886 2415 mensu-

499 2438 800 2520 randum,
861 2437 1108 2503 intrare
1171 2437 1527 2503 secundam
1588 2448 1707 2505 aut
1763 2440 2023 2503 tertiam
2083 2439 2238 2520 vel,
2302 2446 2573 2526 uotquot
2632 2438 2703 2519 in
2764 2438 2884 2502 illo'

498 2523 691 2590 laneo
735 2523 1258 2609 argentifodinae
1289 2524 1565 2608 fuerint3
1616 2532 1681 2591 et
1726 2525 1794 2589 in
1840 2546 2231 2611 quacunque
2254 2461 2514 2591 illarum
2540 2523 2886 2589 metallum

507 2609 839 2675 sufficiens
907 2609 995 2674 ad
1059 2611 1573 2677 mensurandum
1649 2613 2057 2694 invenerint,
2126 2612 2209 2677 de
2272 2612 2388 2676 illa
2456 2613 2580 2677 erit
2646 2611 2885 2677 merito

504 2695 1042 2779 mensurandum,
1089 2719 1166 2763 eo
1212 2697 1388 2784 quod
1433 2698 1742 2764 inventor
1798 2720 1918 2785 per
1974 2706 2183 2764 totum
2230 2699 2415 2763 illum
2463 2696 2729 2763 laneum
2770 2698 2883 2783 jus

499 2783 702 2849 habet
746 2782 1012 2871 plenum
1059 2784 1128 2849 in
1177 2793 1396 2849 meatu
1441 2794 1768 2871 suscepte.
1856 2789 1913 2867 ξ.
1960 2788 2020 2851 8.
2068 2786 2289 2850 Potest
2333 2788 2529 2851 etiam
2573 2786 2884 2851 inventor

547 2892 620 2935 er
675 2880 886 2937 totum
930 2869 1118 2936 illum
1165 2870 1429 2935 laneum
1477 2893 1665 2936 suam
1711 2871 2243 2958 profunditatem,
2304 2889 2472 2959 quae
2518 2872 2885 2957 vulgariter

498 2894 740 3023 Eicitur
784 2956 932 3033 201,
980 2957 1296 3043 ampliare
1341 2966 1406 3023 et
1430 2958 1841 3043 prolongare,
1886 2980 2211 3045 suumque
2254 2968 2542 3026 meatum
2574 2979 2883 3045 purgare.

507 3048 568 3127 ξ.
615 3045 675 3109 9.
741 3044 830 3108 Et
885 3045 956 3108 in
1060 3064 1408 3129 uacunque
1465 3043 1953 3130 argentifodina
2012 3066 2233 3112 secare
2292 3053 2601 3133 poterunt
2652 3045 2884 3130 jurati,

503 3138 699 3217 prout
739 3129 968 3195 utilius
1043 3131 1208 3196 uerit
1249 3132 1463 3196 visum
1509 3132 1857 3218 expedire3
1922 3154 2073 3195 nam
2135 3132 2395 3199 favores
2455 3130 2777 3217 ampliare
2822 3139 2885 3195 et

502 3218 657 3284 odia
701 3219 1097 3303 restringere
1141 3224 1406 3283 nostrae
1449 3222 1764 3284 convenit
1807 3219 2139 3305 aequitati,
2230 3223 2289 3301 ξ.
2343 3221 2439 3284 10.
2490 3215 2741 3284 Verum
2786 3225 2879 3282 ta-

501 3324 654 3369 men
699 3304 754 3368 si
790 3305 1000 3391 jurati
1045 3303 1329 3370 eundem
1375 3314 1661 3369 meatum
1708 3306 1803 3369 sie
1846 3306 2293 3371 examinatum
2342 3304 2524 3371 nulla
2568 3324 2884 3369 mensura

509 3392 781 3476 dignum
825 3390 1242 3457 invenerint:
1288 3399 1448 3455 tune
1489 3392 1792 3478 proximo
1854 3413 2003 3456 oum
2056 3392 2317 3477 justitia
2374 3393 2623 3480 petenti
2677 3390 2885 3479 jurati

505 3484 843 3542 meatuum
891 3486 1208 3543 ⁶seetores
1274 3478 1470 3542 modo
1539 3477 1737 3543 simili
1804 3479 1972 3543 sieut
2040 3480 2341 3564 superius
2416 3477 2882 3559 concedantur,

503 3586 700 3630 omne
735 3565 869 3651 jus,
916 3584 1305 3651 omnemque
1349 3565 1418 3629 in
1465 3586 1749 3649 persona
1790 3566 1995 3645 istius,
2040 3566 2212 3629 siout
2254 3566 2322 3630 in
2370 3568 2580 3651 primo
2605 3566 2880 3651 petitore

502 3648 984 3738 providentiam
1029 3648 1484 3733 observand03
1527 3660 1593 3717 et
1636 3651 1763 3716 hoe
1808 3651 2119 3739 deinceps
2163 3653 2233 3715 in
2281 3652 2587 3718 omnibus
2624 3653 2881 3737 juratos

503 3746 788 3803 sectores
831 3746 1165 3803 meatuum
1256 3736 1584 3803 etentibus
1620 3738 2009 3823 regulariter
2032 3737 2439 3805 observetur.
2488 3743 2548 3821 ξ.
2598 3739 2701 3803 11.
2750 3734 2880 3803 Sed

505 3821 898 3891 detestanda
941 3760 1348 3915 quorundam
1395 3826 1792 3912 perversitas
1837 3825 2167 3890 abstinere
2226 3826 2530 3892 nesciens
2576 3848 2617 3891 a
2660 3824 2879 3890 vetitis

501 3932 628 3976 nee
673 3910 894 3977 debito
940 3910 1136 3977 modo
1224 3910 1468 3977 audere
1514 3912 1865 3998 permissis,
1933 3919 2366 3998 praemature,
2434 3934 2583 3977 oum
2649 3931 2877 3977 neees-

503 3998 714 4063 sarios
758 3996 976 4083 adhue
1019 4018 1152 4062 non
1245 3996 1505 4081 abeant,
1551 4006 1786 4085 petunt
1818 3998 2099 4084 juratos,
2160 4006 2234 4063 ut
2290 4021 2411 4085 per
2470 3999 2591 4065 hos
2635 3998 2877 4085 primos

501 4104 572 4148 se
617 4083 840 4149 dieant
861 4092 928 4151 et
955 4086 1326 4151 necessario
1363 4086 1623 4172 Juratos
1666 4083 2041 4171 petentibus
2057 4086 2553 4171 praeferantur;
2600 4105 2875 4173 quorum

505 4170 631 4234 hoe
697 4170 892 4237 modo
952 4170 1218 4238 malitiis
1279 4171 1643 4248 obviamus,
1688 4171 1963 4237 firmiter
2006 4173 2371 4257 statuendo,
2423 4182 2507 4253 ⁹ut
2566 4171 2755 4252 nulla
2795 4166 2875 4235 ad

327 4264 333 4271 ’
391 4320 399 4328 .
508 4247 796 4337 fidem-um*
841 4266 1122 4344 tempus,
1168 4256 1286 4323 sed
1329 4266 1584 4325 tantum
1648 4256 1733 4323 ad
1794 4280 2107 4345 praesens
2163 4258 2485 4329 referatur
2543 4258 2872 4327 concessio
