3150 5017
477 346 612 392 Lm.
658 343 730 392 11.
1447 357 1532 370 --
1620 321 1749 388 318
1834 355 1921 370 —

1561 493 1803 582 incipit

1075 614 2264 699 Libersecundus

359 775 364 784 ·
479 754 1050 840 gloriosissimi
1105 753 1515 838 Principis
1573 757 1659 824 et
1720 753 2058 826 Domini
2108 755 2350 838 Regis
2406 754 2870 826 wenceslai

1097 841 1477 914 munifici
1517 841 1760 924 Regis
1802 841 2259 912 Bohemiae.

1535 999 1713 1084 Cap.
1758 998 1813 1063 Ι.

1207 1135 1310 1200 Dc
1334 1137 1490 1221 jure
1531 1134 2173 1222 arqentzfodinamm.

675 1257 809 1324 Hic
869 1277 992 1324 nos
1051 1263 1247 1322 vocat
1307 1255 1439 1320 alio
1481 1255 1673 1339 ratio,
1730 1261 1803 1320 ut
1846 1262 1997 1344 post
2038 1256 2323 1345 primum
2366 1255 2629 1335 librum,
2675 1279 2875 1346 quem

493 1347 642 1414 Deo
688 1345 975 1433 propitio
1022 1341 1103 1409 de
1139 1343 1293 1428 jure
1339 1340 1667 1408 edidimus
1712 1362 2161 1428 personarum,
2218 1341 2460 1408 librum
2508 1345 2875 1412 secundum

488 1437 686 1522 Juxta
730 1431 1008 1497 formam
1047 1429 1361 1517 promissi
1408 1428 1490 1493 de
1527 1428 1681 1514 jure
1727 1427 2362 1514 argentifodinarum
2408 1431 2711 1497 similiter
2726 1453 2876 1522 pro·
2990 1441 3001 1452 '

497 1540 880 1608 sequamur.
964 1515 1161 1583 Unde
1208 1537 1346 1582 rem
1392 1515 1461 1579 in
1505 1518 1841 1600 praesenti
1886 1536 2019 1582 non
2064 1517 2404 1582 minimam
2430 1517 2879 1606 aggredimur,

493 1609 627 1674 imo
670 1607 742 1672 in
787 1604 967 1670 omni
1012 1625 1184 1694 pene
1231 1601 1523 1690 Corpore
1558 1602 1733 1688 juris
1778 1612 2238 1668 montanorum
2285 1605 2580 1689 effusam,
2627 1613 2693 1672 et
2736 1613 2877 1672 tam

493 1693 838 1776 montium,
885 1711 1081 1779 quam
1132 1688 1485 1757 stollonum
1533 1687 1729 1775 plene
1774 1691 2119 1756 materiam
2166 1689 2628 1778 explicantem.
2673 1692 2873 1759 Ideo-

498 1801 626 1870 que
669 1780 881 1867 primo
926 1779 1110 1844 nosci
1155 1783 1430 1863 oportet,
1523 1774 1655 1840 uod
1696 1776 1806 1862 jus
1834 1786 2235 1862 ,montanum
2282 1785 2396 1843 aut
2441 1776 2745 1846 consistit
2803 1781 2879 1846 in

489 1866 916 1954 acquirand0,
960 1863 1068 1931 vel
1113 1865 1184 1928 in
1230 1863 1485 1929 retinen
1537 1884 1598 1944 o,
1644 1869 1757 1927 aut
1801 1863 1871 1928 in
1918 1863 2393 1954 recuperande,
2452 1865 2560 1932 vel
2623 1869 2695 1933 in
2757 1868 2879 1932 mi-

491 1953 779 2037 nuendo,
829 1953 910 2018 de
954 1950 1195 2039 quibus
1239 1948 1518 2036 singulis
1563 1971 1683 2036 per
1726 1950 2022 2016 ordinem
2070 1951 2434 2017 videamus.

662 2045 724 2124 §-
777 2042 833 2107 1.
922 2037 1054 2104 Sed
1098 2039 1308 2125 primo
1369 2036 1454 2101 de
1515 2034 1711 2103 modo
1770 2037 2175 2124 acquirendi,
2238 2038 2485 2106 scilicet
2545 2039 2879 2126 quomodo

488 2127 639 2216 quis
708 2125 869 2214 quid
935 2128 1253 2226 acquirat.
1341 2122 1430 2189 Et
1496 2131 1674 2188 certe
1733 2125 1847 2210 jus
1906 2125 2269 2212 acquiritur
2324 2148 2444 2213 per
2502 2129 2877 2215 occupatio-

486 2235 638 2282 nem
660 2264 679 2298 ,
770 2229 1300 2293 concessionem,
1391 2210 1827 2296 emptionem,
1925 2209 2355 2295 locationem,
2427 2213 2878 2298 donationem,

489 2301 880 2382 cessionem,
926 2306 993 2366 et
1036 2319 1154 2384 per
1200 2317 1461 2364 omnem
1507 2304 1748 2379 actum,
1792 2319 1912 2384 per
1956 2319 2153 2384 quem
2194 2300 2265 2364 in
2287 2321 2637 2387 personam
2660 2307 2877 2367 trans-

489 2389 703 2454 fertur
758 2384 1123 2454 dominium
1191 2383 1479 2450 alienum
1499 2431 1516 2466 ,
1578 2390 1777 2469 prout
1841 2385 2255 2452 manifestius
2313 2387 2385 2451 in
2447 2386 2881 2474 sequentibus

486 2471 854 2562 apparebit.
944 2475 1004 2554 §-
1065 2472 1130 2536 2.
1187 2471 1318 2537 Per
1376 2469 1877 2556 occupationem
1951 2470 2079 2538 hoc
2150 2472 2344 2538 modo
2408 2472 2522 2560 jus
2594 2475 2881 2560 acquiri·

487 2570 614 2627 tur.
693 2557 859 2625 Cum
908 2558 1056 2645 quis
1122 2578 1240 2646 spe
1301 2555 1538 2622 ductus
1596 2565 2078 2642 montanorum,
2144 2580 2313 2647 quae
2359 2560 2572 2627 solum
2617 2565 2915 2628 montes*

491 2645 742 2714 excolit
803 2652 867 2710 et
923 2653 1273 2710 montanos
1333 2641 1420 2707 ad
1478 2641 1774 2709 laborem
1818 2645 2071 2728 incitat,
2131 2647 2199 2711 in
2246 2668 2481 2734 campo
2525 2645 2759 2730 libero,
2805 2649 2881 2714 in

498 2754 629 2822 quo
677 2729 962 2799 ubilibet
1005 2740 1072 2798 et
1117 2728 1390 2796 cuilibet
1433 2739 1534 2794 est
1577 2727 1831 2794 licitum
1879 2729 2181 2799 laborare
2227 2742 2293 2799 et
2314 2731 2653 2800 metallum
2679 2757 2880 2822 quae·

492 2841 669 2897 rere,
729 2819 1014 2906 spatium
1077 2816 1166 2882 ad
1224 2816 1780 2902 argentifodinam
1846 2839 2005 2884 occu
2058 2828 2126 2885 at
2190 2819 2585 2898 faciendam,
2655 2823 2882 2888 statim

491 2906 622 2972 hoc
662 2905 815 2992 jure
859 2911 1322 2970 montanorum
1369 2924 1569 2968 suum
1616 2903 1777 2968 facit
1835 2913 1903 2969 et
1959 2926 1994 2968 a
2048 2925 2125 2971 eo
2170 2905 2341 2974 forte
2384 2909 2456 2974 in
2500 2929 2578 2973 eo
2614 2909 2731 2996 jus
2772 2929 2883 2974 ac-

497 2993 716 3080 quirit,
764 2989 943 3093 quod
987 2987 1074 3057 ab
1121 3011 1199 3056 eo
1244 3010 1380 3056 non
1425 2989 1687 3080 poterit,
1734 2987 2088 3057 dummodo
2133 2991 2381 3062 ibidem
2428 2995 2741 3062 continue
2782 2993 2881 3060 la-

493 3079 704 3161 boret‚
749 3099 891 3144 sine
924 3077 1103 3165 juris
1149 3076 1382 3142 ordine
1428 3077 1738 3143 amoveri.
1828 3081 1887 3160 g.
1934 3079 1995 3144 3.
2039 3076 2358 3168 Idemque
2408 3086 2524 3168 jus
2569 3080 2883 3148 omnibus

497 3163 744 3232 ibidem
792 3163 898 3232 vel
941 3165 1014 3228 in
1061 3161 1190 3230 alio
1238 3183 1631 3249 quocunque
1679 3183 1913 3252 campo
1958 3163 2169 3232 libero
2215 3164 2674 3234 laborantibus
2720 3190 2881 3234 con-

493 3273 754 3318 cessum
826 3257 946 3332 est,
1013 3250 1107 3316 ita
1171 3257 1411 3327 tamen,
1523 3247 1660 3314 uod
1732 3250 2255 3336 argentifodinae
2322 3255 2409 3320 ad
2474 3255 2693 3322 minus
2758 3275 2885 3342 per

492 3356 1129 3419 unam-mensuram,
1179 3355 1346 3420 quae
1401 3357 1491 3402 vu
1517 3335 1663 3420 gari
1708 3345 2172 3406 montanorum
2236 3339 2572 3408 lachter
2614 3341 2881 3425 dicitur,

495 3423 746 3491 distent
790 3421 874 3490 ab
920 3422 1228 3505 invicem,
1291 3421 1388 3488 sic
1433 3432 1506 3489 ut
1550 3420 1900 3511 utrobique
1944 3424 2368 3508 vertibulum,
2426 3426 2603 3515 quod
2643 3426 2877 3515 vulga-

500 3511 661 3577 riter
718 3531 894 3576 rum
921 3507 1178 3574 bawm
1228 3507 1490 3592 dicitur,
1538 3509 1881 3577 commode
1925 3514 2094 3579 verti
2138 3515 2366 3602 possit.
2456 3519 2518 3598 ξ.
2560 3515 2625 3580 4.
2703 3513 2879 3582 Con-

493 3597 792 3664 cessione
857 3616 1017 3661 vero
1087 3596 1182 3660 sic
1234 3595 1350 3682 jus
1409 3595 1795 3684 acquiritur,
1861 3607 1935 3665 ut
1996 3600 2371 3688 quicunque
2428 3599 2879 3670 laborantium

487 3685 704 3772 primo
765 3682 1033 3751 fortuna
1098 3681 1228 3746 sibi
1289 3680 1556 3748 favente
1618 3695 1907 3752 meatum
1954 3686 2228 3764 invenit,
2288 3689 2502 3775 ipsum
2545 3687 2633 3754 ab
2680 3689 2881 3756 urhu-

486 3771 680 3838 rariis
745 3768 855 3838 vel
931 3791 972 3834 a
1045 3775 1380 3834 meatuum
1458 3789 1847 3837 concessere
1922 3773 2263 3860 suscipiat,
2326 3774 2547 3841 dando
2620 3774 2879 3846 eisdem

491 3864 752 3924 tantum
825 3877 1028 3924 unam
1095 3853 1396 3922 XXXII.
1443 3865 1699 3946 partem
1768 3881 1949 3927 more
1993 3868 2329 3943 consueto,
2386 3883 2512 3931 nec
2569 3859 2747 3930 ultra
2788 3863 2883 3930 ad

583 3953 717 4011 rtes
764 3943 1022 4030 aliquas
1057 3951 1459 4025 coarctatum
1505 3945 1860 4034 statimque
1904 3945 2105 4014 scribi
2150 3969 2221 4014 se
2266 3970 2415 4014 cum
2462 3949 2570 4016 die
2616 3959 2685 4018 et
2712 3951 2881 4018 hora

540 4033 628 4098 iei
673 4038 1005 4119 procuret,
1053 4029 1273 4096 dando
1321 4031 1623 4133 scriptori
1670 4053 1875 4098 unum
1916 4055 2218 4121 grossum
2248 4035 2691 4122 denariorum,
2752 4060 2883 4106 nec

500 4117 626 4186 sub
672 4116 949 4184 obtentu
992 4125 1255 4183 nostrae
1297 4127 1550 4204 gratiae
1600 4117 1686 4184 ad
1731 4119 1999 4208 aliquod
2042 4120 2227 4188 aliud
2285 4121 2633 4190 donarium
2698 4146 2879 4192 com·

494 4203 800 4291 pellatur.
890 4205 946 4290 ἓ.
989 4203 1053 4270 5.
1101 4203 1297 4286 Quod
1341 4205 1396 4270 si
1442 4225 1765 4292 quaerens
1811 4215 2095 4274 meatum
2144 4210 2497 4299 suspicere,
2540 4231 2679 4277 non
2772 4235 2877 4278 os·

475 4291 586 4356 sit
641 4289 889 4356 habere
935 4291 1190 4378 copiam
1253 4292 1693 4360 concessoris:
1753 4301 1911 4360 tunc
1956 4294 2041 4362 ab
2088 4317 2293 4364 uxore
2338 4317 2479 4382 sua,
2536 4307 2656 4366 aut
2696 4299 2745 4366 fi
2773 4301 2877 4384 iis,
