3150 5017
1171 300 1642 382 -191-

253 475 648 541 Olomucensi
710 473 1019 559 episcopo
1080 480 1145 536 et
1201 493 1353 557 pur-

251 560 513 640 chravin,
532 580 663 624 non
678 558 1148 623 emendaverit:
1166 557 1247 623 ad
1245 558 1351 643 ju·

247 654 402 711 tores
424 653 677 710 nostros
712 642 1117 731 juvabimus,
1156 652 1352 729 prout

249 734 525 818 superius
570 740 670 796 est
706 751 1111 816 expressum.
1158 728 1354 811 Quod

254 819 408 882 circa
450 838 668 902 regem
714 816 1177 898 Romanorum,
1242 819 1352 880 do·

248 905 475 968 minum
498 910 817 985 nostrum,
844 904 991 968 vice
1012 923 1209 967 versa
1234 922 1352 987 per
1389 954 1397 965 ,

254 990 453 1053 omnia
496 989 834 1054 observari
879 987 1161 1053 debebit.

326 1075 472 1139 VII.
490 1074 857 1150 Praeterea,
883 1076 937 1139 si
955 1072 1351 1140 Olomucen-

247 1182 365 1225 sem
421 1162 799 1248 episcopum
859 1158 966 1225 vel
1026 1159 1347 1246 purgbra·

245 1247 399 1311 vium
448 1246 856 1333 saepedictos
882 1248 1163 1331 migrare
1190 1267 1347 1310 con-

241 1334 439 1417 tigerit
496 1333 583 1397 ab
642 1333 765 1397 hac
821 1331 989 1414 luce,
1050 1335 1194 1417 ipse
1240 1330 1349 1396 do·

248 1421 443 1483 minus
486 1426 714 1483 noster
761 1417 868 1483 vel
898 1439 1019 1481 nos
1052 1418 1253 1482 alium
1280 1420 1352 1481 in

241 1504 512 1569 defuncti
557 1504 775 1570 locum
824 1503 1349 1588 subrogabimus,

243 1592 339 1675 qui
362 1590 579 1655 omnia
604 1599 670 1655 et
715 1588 996 1675 singula,
1044 1612 1213 1676 quae
1245 1611 1349 1653 su-

242 1678 441 1761 perius
486 1686 643 1742 sunt
685 1698 1023 1762 expressa,
1068 1674 1352 1741 fideliter

242 1775 604 1849 exequatur.

291 1848 459 1915 vm.
475 1849 759 1935 Insuper
772 1846 1061 1931 inclytus
1078 1869 1199 1913 rex
1212 1846 1349 1913 Un-

242 1936 443 2019 gariae
488 1944 555 2000 et
598 1935 809 2021 ipsius
854 1932 1055 1999 frater
1099 1934 1195 1998 sic
1252 1934 1349 1997 in—

241 2020 571 2086 cluduntur
617 2022 686 2085 in
730 2041 913 2107 pace,
958 2019 1137 2105 quod
1173 2020 1349 2105 quic·

245 2106 385 2191 quid
440 2108 510 2171 in
558 2108 812 2181 castris,
876 2106 1349 2171 munitionibus

244 2195 366 2258 sive
406 2192 697 2279 praediis
744 2193 919 2257 circa
940 2201 1165 2257 'metas
1210 2213 1349 2275 reg-

242 2299 453 2343 norum
573 2278 895 2343 hactenus
986 2278 1111 2342 fuit
1196 2277 1351 2341 hinc

237 2363 375 2430 inde
414 2366 737 2430 in'uriose
782 2371 1193 2447 occupatum,
1254 2364 1351 2427 in-

237 2458 402 2534 tegre
504 2450 703 2517 ebeat
758 2448 1108 2536 utrobique
1165 2451 1351 2515 resti-

238 2538 353 2613 tui3
414 2538 509 2603 sic
578 2536 758 2623 quod
802 2534 1113 2602 alteruter
1155 2534 1350 2621 plene

237 2622 504 2706 gaudeat
544 2643 669 2687 suo
704 2624 879 2706 jure.

311 2708 429 2775 IX.
471 2710 831 2775 Praeterea
858 2706 1026 2772 nulli
1068 2706 1348 2772 notario·

236 2816 387 2877 rum,
428 2793 929 2881 capellanorum
988 2814 1104 2858 seu
1162 2790 1349 2858 cleri-

238 2900 441 2945 corum
484 2889 864 2945 nostrorum
909 2900 1109 2966 super
1155 2879 1349 2943 bene·

237 2965 403 3043 ficiis,
462 2988 636 3053 quae
693 2967 761 3030 in
823 2967 1016 3031 terris
1060 2964 1349 3053 praedic-

238 3052 314 3115 tis
364 3055 652 3133 Austria‚
715 3052 938 3139 Styria
996 3050 1349 3119 etKarin-

237 3136 357 3202 thia
397 3139 758 3225 possident,
826 3138 1185 3202 laesionem
1234 3158 1350 3201 seu

238 3222 607 3309 injuriosam
653 3224 1019 3289 molestiam
1046 3223 1351 3287 dominus

238 3319 440 3377 noster
483 3312 761 3393 inferet3
822 3318 887 3375 et
946 3311 1001 3374 si
1061 3307 1145 3374 ab
1204 3310 1352 3373 aliis

236 3394 599 3463 violentiam
682 3398 1034 3482 patientur,
1125 3395 1182 3459 si
1272 3393 1353 3459 de

234 3479 347 3546 hoc
399 3484 484 3548 ad
541 3484 761 3567 ipsum
837 3480 1173 3546 dominum
1232 3502 1351 3545 no-

236 3575 425 3633 strum
489 3568 712 3633 delata
784 3568 1077 3654 quaestio
1135 3565 1353 3649 fuerit,

236 3651 434 3736 faciet,
479 3653 660 3741 quod
706 3654 787 3719 de
823 3655 977 3741 jure
1022 3653 1217 3719 fuerit
1260 3651 1351 3717 fa·

238 3740 549 3806 ciendum.

312 3825 393 3891 X.
436 3826 720 3913 Insuper
764 3826 1077 3912 quicquid
1094 3833 1355 3911 praeter

238 3914 587 3993 praemissa
630 3912 943 3977 universa
980 3921 1045 3976 et
1089 3910 1353 3996 singula

240 3998 635 4064 venerabiles
694 3997 1215 4085 Herwipolensis
1290 4006 1354 4063 et

243 4079 680 4149 Olomucensis
724 4084 1017 4170 episcopi
1078 4092 1145 4149 et
1201 4082 1351 4147 illu-

245 4175 393 4231 stres
425 4169 497 4235 L.
539 4192 761 4235 comes
806 4168 1135 4256 palatinus
1164 4169 1351 4252 Beni,

244 4250 319 4317 Ο.
359 4255 641 4323 marchio
684 4255 1351 4341 Brandenburgensis

1519 1072 1673 1137 VII.
1691 1074 2043 1141 Praeterea
2055 1077 2109 1141 si
2127 1076 2591 1148 Olmucensem

1453 1160 1675 1244 episco
1727 1182 1836 1225 um
1909 1161 2017 1226 vel
2103 1164 2586 1248 purchravium

1455 1267 1565 1309 sae
1619 1267 1654 1310 e
1705 1248 1868 1311 ictos
1913 1248 2194 1332 migrare
2235 1254 2592 1337 contigerit

1454 1330 1536 1399 ab
1629 1354 1708 1395 ac
1753 1332 1915 1405 luce,
1961 1334 2103 1419 ipse
2146 1358 2268 1399 rex
2313 1337 2419 1401 vel
2443 1360 2588 1420 nos,

1454 1416 1656 1482 alium
1706 1420 1777 1481 in
1823 1418 2118 1484 defuncti
2165 1420 2378 1485 locum
2437 1424 2589 1489 sub·

1452 1524 1525 1567 ro
1576 1504 1856 1587 abimw,
1903 1507 2016 1591 qui
2064 1509 2284 1571 omnia
2345 1517 2410 1574 et
2452 1510 2592 1574 sin-

1452 1610 1543 1674 gu
1571 1610 1630 1671 a,
1678 1610 1845 1676 quae
1905 1594 2206 1677 superius
2269 1603 2424 1659 sunt
2477 1616 2590 1659 ex-

1453 1696 1700 1762 pressa,
1745 1676 2030 1743 fideliter
2074 1687 2458 1765 exequatur.

1540 1846 1730 1913 VIII.
1796 1847 2078 1934 Insuper
2133 1849 2426 1935 inclytus
2469 1872 2591 1917 rex

1452 1931 1561 1998 Un
1611 1934 1788 1998 ariae
1816 1942 1880 1999 et
1901 1935 2110 2018 ipsius
2141 1934 2342 2001 frater
2359 1937 2458 2001 sic
2488 1938 2593 2001 in·

1455 2018 1561 2083 clu
1615 2028 1811 2083 untur
1853 2021 1921 2083 in
1969 2042 2148 2105 pace,
2192 2019 2369 2105 quod
2411 2024 2590 2107 quic-

1455 2104 1614 2191 quid
1665 2106 1736 2169 in
1797 2107 2047 2187 castris,
2109 2106 2590 2172 munitionibus

1454 2192 1593 2256 sive
1638 2190 1929 2277 praediis
1975 2193 2153 2256 circa
2194 2201 2402 2257 metas
2445 2214 2593 2277 reg-

1453 2298 1687 2341 norum
1733 2276 2052 2343 hactenus
2097 2277 2222 2343 fuit
2243 2277 2399 2343 hinc
2432 2280 2589 2345 inde

1452 2364 1771 2448 injuriose
1846 2372 2257 2449 occupatum,
2335 2365 2592 2451 integre

1455 2448 1694 2514 debeat
1737 2448 2086 2535 utrobique
2147 2450 2428 2533 restitui,
2489 2453 2590 2516 sic

1454 2534 1770 2601 alteruter
1832 2536 2028 2621 plene
2095 2536 2383 2621 gaudeat
2432 2537 2589 2624 jure

1456 2643 1597 2686 suo.

1484 2706 1609 2773 IX.
1626 2708 1971 2774 Praeterea
1987 2707 2153 2773 nulli
2171 2711 2592 2787 notariorum,

1456 2792 1947 2879 capellanorum
2009 2814 2124 2859 seu
2203 2794 2591 2860 elericorum

1454 2877 1732 2965 praefati
1775 2880 1948 2965 regis
1993 2901 2068 2945 su
2121 2902 2191 2945 er
2251 2879 2589 2945 beneficiis

1456 2986 1625 3051 quae
1671 2966 2027 3050 possident,
2100 2966 2431 3030 aesionem
2471 2986 2592 3031 seu

1454 3052 1843 3135 injuriosam
1911 3050 2279 3116 molestiam
2351 3050 2591 3117 infere-

1457 3158 1636 3219 mus3
1685 3146 1751 3202 et
1796 3137 1853 3201 si
1896 3134 1982 3201 ab
2029 3134 2176 3202 aliis
2207 3136 2591 3203 violentiam

1456 3223 1824 3308 patiantur,
1886 3224 1941 3287 si
2006 3222 2087 3287 de
2145 3221 2271 3287 hoc
2323 3222 2410 3287 ad
2470 3244 2593 3288 nos

1458 3307 1680 3374 delata
1696 3309 1992 3394 quaestio
2009 3308 2224 3390 fuerit,
2249 3308 2590 3391 faciemus,

1458 3394 1636 3481 quod
1682 3395 1765 3459 de
1798 3395 1952 3482 jure
1975 3393 2172 3460 fuerit
2195 3394 2588 3461 faciendum.

1544 3824 1633 3889 X.
1678 3825 1963 3910 Insuper
2000 3822 2312 3911 quicquid
2331 3832 2596 3910 praeter

1454 3912 1821 3997 praemissa
1863 3912 2178 3976 universa
2220 3919 2285 3975 et
2331 3908 2596 3995 singula

1456 3996 1872 4062 venerabiles
1981 3995 2440 4083 Erbipolensis
2531 4006 2598 4062 et

1458 4081 1916 4148 Olomucensis
1965 4083 2255 4169 episcopi
2323 4090 2389 4147 et
2446 4081 2594 4149 illu-

1458 4177 1626 4234 stres
1658 4168 1730 4234 L.
1757 4190 1972 4233 comes
1998 4169 2330 4256 palatinus
2360 4167 2594 4251 Rehni‚

1459 4254 1537 4321 O.
1585 4254 1874 4323 marchio
1919 4254 2497 4341 Brandburgensis
2527 4263 2592 4321 et
