3150 5017
1490 281 1921 346 -88-

507 450 845 516 hominum
868 451 935 515 in
963 450 1154 518 domo
1178 450 1456 538 alicujus
1479 453 1647 518 civis

513 535 765 624 aliquid
779 546 1051 688 Quaerat
1066 537 1173 602 vel
1197 547 1518 625 quaerere
1545 537 1647 604 fa-

511 626 660 706 ciat,
687 629 749 706 ξ.
843 671 858 687 .
911 625 1038 706 (De
1066 624 1272 710 falsis?
1334 627 1647 711 denariis)

508 734 632 776 nec
676 712 873 775 etiam
938 711 1242 778 falsarios
1315 721 1380 776 et
1446 711 1648 777 falsos

512 798 832 878 denarios,
877 817 1000 861 nec
1045 800 1240 862 etiam
1285 820 1404 885 pro
1427 798 1651 883 hujus·

511 885 688 951 modi
748 885 962 948 causis
1037 885 1302 950 domum
1368 884 1651 973 alicujus

513 975 728 1051 intret,
775 970 904 1034 nisi
949 971 1277 1036 mediante
1323 972 1542 1054 iudice
1590 980 1655 1038 et

518 1060 739 1146 aliquo
761 1059 1123 1142 juratorum
1143 1083 1158 1143 3
1183 1067 1398 1145 potest
1410 1067 1653 1140 tamen,

517 1147 571 1211 si
616 1144 702 1209 ali
752 1143 864 1208 uid
915 1143 1144 1210 talium
1192 1154 1307 1226 est,
1341 1145 1654 1210 adhibere

517 1240 700 1297 custo
752 1232 902 1316 iam,
949 1232 1152 1298 donec
1187 1231 1402 1318 judex
1430 1233 1657 1298 veniat

517 1327 582 1385 et
624 1321 841 1405 jurati.

1752 451 1990 540 aliquis
2050 475 2115 517 m
2208 453 2510 518 istrorum
2562 460 2883 534 monetae,

1752 539 1861 606 vel
1905 540 2141 627 aliquis
2232 542 2519 606 ominum
2568 541 2638 604 in
2691 540 2883 606 domo

1752 627 2033 715 alicujus
2094 629 2258 692 civis
2317 627 2570 715 aliquid
2614 635 2887 714 quaerat

1754 714 1858 782 vel
1880 718 2102 802 quaeri
2133 713 2350 795 faciat,
2377 719 2436 797 ξ.
2457 715 2517 779 2.
2544 735 2667 778 nec
2689 715 2884 778 etiam

1754 801 2054 867 falsarios
2120 801 2228 867 vel
2293 799 2495 866 falsos
2563 799 2885 882 denarios,

1755 911 1881 954 nee
1925 889 2120 953 etiam
2170 909 2287 975 pro
2330 887 2711 972 hujusmodi
2740 908 2887 952 cau·

1760 978 1848 1042 sis
1894 975 2159 1040 domum
2204 974 2484 1060 alicujus
2513 977 2729 1054 intret,
2762 975 2889 1038 nisi

1727 1062 2090 1128 ‘mediante
2128 1061 2371 1148 judice,
2404 1059 2512 1126 vel
2536 1060 2753 1148 aliquo
2778 1061 2889 1144 ju-

1759 1159 2080 1228 ratorum3
2127 1156 2341 1228 potest
2384 1158 2625 1230 tamen,
2672 1149 2729 1212 si
2771 1145 2889 1211 ali-
2940 1207 2945 1215 .

1762 1235 1919 1324 quid
1965 1235 2191 1300 talium
2240 1245 2369 1317 est,
2416 1234 2729 1300 adhibere
2772 1255 2889 1298 cu-

1762 1323 2039 1388 stodiam
2086 1323 2295 1388 donec
2330 1323 2543 1409 judex
2582 1321 2802 1387 veniat
2826 1330 2894 1386 et

1752 1412 1977 1498 jurati.
2027 1416 2087 1493 ξ.
2135 1412 2194 1476 3.
2240 1409 2312 1475 Si
2336 1420 2553 1475 autem
2583 1407 2894 1494 magister

1764 1507 2067 1564 monetae
2143 1499 2249 1563 vel
2322 1495 2561 1585 aliquis
2626 1517 2893 1562 suorum

1763 1595 1989 1653 contra
2004 1584 2281 1651 formam
2296 1584 2760 1672 praescriptam
2780 1581 2894 1646 ali-

1765 1673 1925 1761 quid
1968 1673 2038 1736 in
2085 1672 2279 1737 domo
2340 1670 2618 1757 alicujus
2662 1668 2893 1736 talium

1764 1758 2107 1840 invenerit,
2132 1757 2240 1824 vel
2257 1759 2431 1824 servi
2448 1759 2551 1824 sui
2570 1782 2586 1823 2
2603 1779 2725 1821 nec
2739 1778 2893 1823 reus

1766 1869 1889 1912 nec
1912 1848 2150 1933 hospes
2168 1843 2293 1911 sibi
2312 1847 2380 1910 in
2399 1844 2619 1932 aliquo
2630 1865 2894 1931 respon-

1769 1932 2051 2012 debunt3
2101 1936 2158 2014 ξ.
2203 1933 2265 1997 4.
2313 1933 2368 1996 si
2412 1941 2629 1997 autem
2676 1953 2894 2017 quem·

1766 2042 1961 2108 quam
1988 2021 2055 2083 in
2088 2018 2227 2083 foro
2270 2018 2790 2106 deprehenderit,
2832 2026 2899 2081 et

1758 2109 2015 2195 juratos
2104 2103 2346 2171 habere
2421 2127 2553 2170 non
2633 2105 2895 2190 poterit:

1768 2215 1971 2258 unum
2032 2191 2310 2278 probum
2386 2191 2715 2256 hominem
2791 2188 2898 2254 vel

1770 2279 1934 2344 duos
1978 2285 2288 2359 assumat,
2347 2300 2465 2365 per
2517 2299 2629 2342 eos
2690 2285 2899 2342 custo-

1770 2365 1945 2430 diam
2006 2363 2398 2447 adhibendo,
2458 2387 2542 2429 ne
2604 2363 2765 2451 quid
2820 2363 2896 2426 de

1770 2474 1840 2518 se
1886 2451 2191 2540 projiciat
2214 2460 2572 2538 suspectae,
2599 2449 2709 2516 vel
2743 2447 2897 2536 quid

1771 2537 1898 2604 sibi
1943 2538 2293 2624 adjiciatur
2337 2559 2453 2623 per
2484 2537 2668 2619 alios,
2695 2535 2898 2601 donec

1761 2623 1975 2711 judex
2037 2646 2157 2690 seu
2216 2625 2411 2704 iurati
2456 2622 2896 2700 adducantur3

1774 2716 1834 2793 ξ.
1881 2710 1943 2775 5.
1990 2711 2045 2776 si
2091 2720 2307 2775 autem
2368 2713 2439 2776 in
2500 2712 2751 2795 campis
2795 2705 2899 2773 vel

1772 2795 1957 2862 silvis
2004 2798 2314 2882 magister
2358 2806 2655 2864 monetae
2684 2817 2899 2882 quem·

1774 2905 1968 2969 quam
2032 2882 2563 2970 deprehenderit,
2626 2883 2711 2948 de
2776 2903 2901 2968 quo

1774 2969 2078 3036 habuerit
2122 2972 2278 3036 mali
2340 2971 2799 3058 suspicionem,
2842 2977 2900 3032 et

1764 3058 2024 3144 juratos
2068 3058 2309 3125 habere
2331 3080 2464 3124 non
2503 3058 2760 3144 poterit,
2791 3055 2900 3121 sed

1774 3145 2059 3232 aliquem
2104 3145 2305 3211 alium
2368 3143 2646 3231 probum
2691 3143 2899 3209 virum

1773 3231 1883 3298 vel
1928 3233 2126 3314 duos,
2188 3254 2353 3306 cum,
2400 3233 2499 3296 his
2542 3231 2899 3296 custodiam

1775 3317 2103 3402 adhibeat,
2128 3320 2296 3384 sicut
2318 3319 2565 3384 dictum
2598 3326 2698 3382 est
2720 3325 2898 3396 ante;

1778 3412 1836 3490 ξ.
1884 3408 2041 3471 6.‘si
2090 3428 2245 3472 vero
2292 3427 2476 3471 suam
2520 3412 2779 3470 tantum
2819 3403 2899 3466 fa-

1778 3492 2025 3557 miliam
2070 3494 2244 3558 circa
2273 3515 2344 3558 se
2373 3491 2697 3573 habuerit,
2722 3489 2901 3556 illum

1778 3602 1972 3666 quem
2017 3583 2105 3643 im
2156 3587 2330 3645 etere
2374 3579 2619 3656 nititur,
2679 3577 2767 3642 ad
2824 3578 2901 3642 ci-

1776 3667 2046 3732 vitatem
2142 3668 2246 3730 uci
2306 3665 2521 3749 faciat,
2581 3676 2647 3731 et
2706 3687 2748 3730 a
2806 3666 2902 3748 ju-

1778 3754 1921 3818 dice
1968 3754 2101 3832 sibi,
2138 3752 2427 3840 postulet
2450 3753 2613 3818 duos
2637 3749 2906 3818 concedi

1767 3847 2045 3933 juratos,
2094 3842 2205 3935 qui
2249 3841 2455 3907 verba
2478 3840 2656 3905 illius
2682 3848 2906 3926 argute

1779 3932 2071 4017 audiant,
2118 3942 2184 4000 et
2274 3927 2543 4020 uicquid
2588 3950 2808 3994 coram
2838 3926 2904 3992 il-

1778 4022 1859 4088 lis
1926 4023 2165 4107 juratis
2224 4022 2246 4086 i
2296 4042 2399 4085 em
2468 4017 2908 4106 deprehensus

1778 4110 2111 4196 professus
2156 4107 2370 4188 fuerit,
2409 4108 2477 4173 in
2501 4105 2755 4172 irritum
2784 4124 2907 4168 non

1780 4197 2018 4284 poterit
2060 4199 2374 4262 revocari.
2439 4200 2497 4279 ξ.
2556 4194 2613 4258 7.
2671 4192 2763 4258 Et
2820 4191 2909 4256 sic

1780 4283 1894 4349 fiat
1934 4282 2014 4351 de
2052 4282 2347 4369 qualibet
2381 4303 2601 4364 causa,
2634 4301 2783 4346 cum
2810 4278 2906 4362 ju-
