3150 5017
1509 287 1943 352 ...68-

749 460 1018 528 (Sequitur
1053 465 1332 512 contextus
1367 461 1633 528 privilegii
1668 461 1767 514 sub
1804 477 1857 512 n.
1884 462 1978 512 1⁷.
2014 458 2235 525 excusi.)

709 544 821 610 Ad
862 545 1026 612 haec
1055 553 1190 610 'nos
1235 545 1669 612 wenceslaus
1712 544 2087 632 praedictus
2126 565 2245 611 rex
2267 543 2659 610 Boemorum
2692 563 2903 610 conce-

537 629 755 697 dimus
799 639 864 698 et
906 631 1446 717 irrefragabiliter
1510 632 1924 699 decernimus
1978 631 2482 712 observandum,
2530 637 2603 696 ut
2646 629 2909 696 eandem

533 715 904 870 lbibertatem
965 721 1204 786 nostris
1262 719 1669 806 temporibus
1728 719 2070 787 obtineant
2091 767 2109 801 ,
2172 739 2371 804 quam
2428 716 2747 784 hactenus
2805 715 2905 781 ha-

583 813 840 872 uerunt.

707 893 810 959 25.
855 891 1298 957 Possessionis
1343 901 1595 980 emptas
1642 891 1745 958 vel
1792 893 2125 977 expositas
2184 913 2304 957 seu
2346 891 2547 956 etiam
2592 910 2633 952 a
2676 889 2904 976 princi·
3028 945 3033 950 .

533 978 727 1066 pibus
772 981 865 1044 eis
913 977 1182 1044 collatas
1200 1027 1218 1061 ,
1279 999 1444 1064 quas
1504 979 1715 1044 tribus
1774 980 1963 1044 annis
2030 986 2097 1044 et
2138 977 2347 1043 tribus
2392 975 2625 1042 diebus
2672 975 2909 1062 absque

533 1065 942 1152 querimonia
984 1073 1353 1147 tenuerunt,
1400 1087 1510 1132 eas
1557 1064 1765 1132 libere
1786 1067 1965 1132 omni
2004 1064 2521 1131 contradictione
2553 1064 2909 1151 postposita

533 1152 913 1239 possideant
957 1174 1106 1216 cum
1153 1153 1393 1239 quiete.

706 1240 809 1304 26.
855 1239 1106 1304 Domos
1153 1260 1377 1305 eorum
1422 1246 1488 1304 et
1531 1247 1756 1320 strata,
1802 1259 1919 1304 seu
1960 1239 2031 1303 in
2076 1236 2395 1303 suburbio
2440 1237 2583 1302 sive
2624 1237 2695 1301 in
2719 1235 2907 1316 villis,

533 1327 587 1390 si
633 1324 920 1413 aliquam
967 1327 1230 1410 culpam
1275 1324 1646 1406 inciderint,
1694 1324 1918 1390 nullus
1963 1345 2127 1390 ausu
2184 1325 2529 1389 temerario
2589 1322 2901 1389 invadere

532 1410 639 1476 vel
685 1411 966 1499 diripere
1011 1411 1250 1477 audeat
1293 1433 1416 1476 nec
1459 1420 1818 1497 attemptet,
1865 1420 1938 1477 ut
1984 1409 2164 1563 ἵκεο)
2202 1411 2271 1474 in
2295 1412 2475 1498 ipsos
2508 1432 2746 1476 manus
2782 1411 2907 1476 vio·

527 1497 742 1564 lentas
766 1501 1112 1585 quisquam
1157 1499 1426 1582 injiciat,
1475 1497 1593 1564 sed
1636 1498 2007 1584 fidejussori
2056 1519 2133 1562 us
2178 1498 2521 1584 exquisitis
2550 1519 2771 1564 coram
2804 1519 2906 1562 no·

530 1583 636 1650 bis
682 1584 788 1650 vel
833 1595 1055 1649 nostro
1103 1585 1458 1650 camerario
1506 1594 1931 1671 compareant
1964 1583 2336 1671 judicandi.
2719 1628 2728 1636 -

705 1673 811 1736 27.
855 1670 1202 1735 Tributum
1250 1669 1426 1756 quod
1473 1671 1627 1734 mir
1669 1678 1959 1753 vocatur,
2006 1679 2071 1736 et
2115 1671 2278 1736 alias
2322 1672 2723 1754 exactiones,
2752 1689 2909 1758 quae

531 1765 743 1822 terrae
789 1755 1024 1821 incolis
1069 1755 1294 1822 inferri
1343 1766 1843 1840 consueverunt,
1892 1767 1957 1824 et
2001 1759 2541 1844 pernoctationes,
2604 1758 2779 1822 sicut
2822 1757 2909 1822 eis

533 1865 574 1908 a
615 1845 973 1930 primordio
1019 1852 1171 1908 sunt
1215 1864 1545 1926 concessa,
1594 1845 1689 1908 sic
1739 1846 1835 1910 eis
1895 1846 1964 1909 in
2030 1852 2417 1932 perpetuum
2480 1843 2911 1929 indulgemus.

706 1931 836 2012 Qui
880 1951 1036 1996 vero
1079 1933 1536 1996 concessiones
1582 1939 1837 1996 nostras
1882 1952 2085 1998 ausus
2107 1931 2307 1996 fuerit
2330 1931 2606 1998 forsitan
2638 1929 2907 2011 violare,

531 2017 861 2105 praefatos
905 2017 1342 2084 Theutonicos
1398 2016 1572 2082 ultra
1624 2019 1782 2104 jura
1842 2025 2085 2085 statuta
2148 2019 2623 2084 contumaciter
2684 2037 2907 2104 aggra-

531 2104 769 2187 vando,
816 2113 1128 2190 tanquam
1176 2127 1356 2170 reum
1403 2104 1623 2170 laesae
1664 2104 2031 2188 Majestatis
2076 2105 2296 2190 regiae
2330 2125 2399 2172 se
2418 2105 2674 2170 noverit
2720 2103 2905 2192 puni-

533 2191 798 2274 endum,
845 2192 1117 2277 insuper
1160 2191 1693 2256 maledictionem
1738 2192 1870 2258 Dei
1928 2192 2393 2279 omnipotentis
2446 2213 2591 2256 cum
2643 2189 2905 2257 Dathan

531 2287 597 2343 et
637 2277 890 2342 Abiron
937 2276 1228 2344 obtineat
1273 2278 1758 2364 sempiternam.

1664 2573 1768 2639 36.

1231 2709 1563 2794 Statuta
1616 2708 1837 2795 ducis
1894 2709 2206 2794 Ottom's

688 2813 1106 2896 secundum
1161 2813 2321 3002 conflrnxlraetdgffiffitffilnovmoiao
2392 2813 2745 2896 Breesla-

1652 3075 1837 3141 1237.

698 3230 776 3294 In
820 3229 1082 3294 nomine
1129 3237 1394 3294 sanctae
1439 3237 1504 3296 et
1547 3229 1932 3295 individuae
1976 3231 2334 3296 Trinitatis.
2382 3229 2621 3297 Amen.

705 3315 848 3400 Ego
896 3314 1178 3396 Ulricus‚
1248 3315 1420 3381 dono
1465 3315 1568 3381 dei
1613 3316 1788 3383 filius
1850 3317 2035 3382 ducis
2098 3316 2486 3383 Karinthiae
2550 3337 2631 3382 ac
2697 3337 2897 3406 nepos

529 3400 918 3468 nobilissimi
954 3411 1017 3466 et
1061 3401 1268 3467 incliti
1292 3404 1463 3488 regis
1487 3403 1898 3485 Boemorum,
1930 3413 2063 3468 tam
2107 3403 2432 3470 modernis
2456 3407 2653 3491 quam
2676 3425 2899 3470 eorum

527 3487 1035 3570 successoribus,
1081 3489 1416 3575 suppanis,
1463 3490 1798 3573 militibus,
1844 3491 2093 3576 totique
2146 3490 2345 3577 vulgo
2384 3490 2899 3558 Brecizlavensis

523 3577 909 3664 provinciae
955 3596 1040 3640 ex
1085 3584 1360 3662 utraque
1404 3587 1591 3663 parte
1634 3577 1947 3642 Moravae
1993 3579 2359 3644 constitutis
2397 3579 2465 3642 in
2492 3585 2896 3666 perpetuum.

696 3663 1021 3744 Quoniam
1068 3683 1172 3727 res
1215 3668 1386 3748 ‘quae
1433 3663 1782 3728 multorum
1830 3663 2093 3730 utilitati
2142 3663 2539 3745 deserviunt,
2576 3685 2617 3727 a
2660 3671 2894 3730 morta·

524 3748 684 3813 lium
745 3748 1060 3814 memoria
1121 3748 1472 3816 oblivionis
1529 3748 1759 3814 nubilo
1841 3749 2153 3817 facillime
2214 3748 2709 3826 subducuntur,
2772 3748 2897 3814 nisi

531 3837 660 3898 scri
707 3837 757 3898 ti
800 3834 1046 3901 fuerint
1091 3837 1438 3901 tenacitate
1481 3833 1807 3911 firmatae,
1856 3845 2204 3924 eapropter
2248 3835 2583 3902 adnostri
2636 3835 2895 3901 honoris

525 3859 1024 4006 ampflitudinem
1049 3931 1114 3988 et
1137 3924 1396 3988 animae
1440 3931 1702 3987 nostrae
1746 3931 2133 4009 perpetuam
2178 3923 2455 3988 salutem
2504 3943 2582 3986 ac
2607 3924 2893 3988 omnium

527 4007 648 4072 sub
693 4015 914 4072 nostro
976 4009 1271 4075 districtu
1333 4011 1885 4074 commanentium
1945 4011 2123 4095 pacis
2182 4018 2248 4075 et
2312 4010 2551 4096 quietis
2618 4007 2891 4075 inviola-

524 4091 723 4157 bilem
764 4091 1256 4178 plenitudinem,
1301 4117 1386 4160 ne
1431 4097 1576 4182 quis
1624 4097 1885 4182 proprio
1930 4095 2120 4161 libitu
2163 4105 2276 4162 ant
2320 4103 2483 4161 ausu
2529 4095 2889 4175 temerario,

523 4179 693 4244 dolis
737 4187 850 4242 aut
895 4181 1268 4267 calumpnia
1311 4187 1376 4245 in
1423 4204 1644 4267 parem
1694 4182 2025 4248 subditum
2098 4190 2162 4248 et
2226 4182 2885 4246 inferioremvetrius-

523 4287 650 4352 que
695 4285 892 4331 sexus
938 4268 1126 4350 quasi
1172 4267 1388 4332 licitus
1449 4269 1790 4334 efferatur:
1852 4268 2013 4333 talia
2080 4269 2383 4354 ponimus
2430 4268 2767 4334 obstacula
2830 4270 2901 4332 et'
