3150 5017
482 224 762 271 mmm.
1424 241 1507 253 —
1597 202 1725 269 352
1815 240 1901 253 —

487 398 616 466 que
693 378 792 443 sic
850 376 1228 445 volentibus
1289 398 1424 443 non
1484 376 1765 441 infertur
1836 375 2114 462 injuria,
2191 396 2345 441 nam
2420 374 2855 462 unusquisque

489 466 882 530 renunciare
927 465 1170 551 poterit
1202 464 1341 550 juri
1388 485 1539 549 suo;
1603 462 1721 529 sed
1780 464 1953 528 inter
2010 461 2429 532 laneonarios
2474 462 2638 529 haec
2683 461 2853 529 clau-

491 551 640 617 sula
683 552 970 616 maxime
1017 550 1234 618 locum
1301 550 1518 627 habet,
1579 559 1653 615 ut
1698 570 1776 615 eo
1838 551 2178 635 proniores
2225 550 2295 613 in
2341 548 2675 615 laboribus
2717 572 2855 635 per-

489 644 814 705 severent.
861 641 920 720 §.
957 639 1058 703 16.
1103 636 1268 703 Item
1295 658 1717 703 concessores
1742 644 2225 701 consueverunt
2270 635 2671 701 laneonariis
2711 636 2859 701 dare

488 724 684 789 funes
729 732 794 789 et
839 744 1102 789 coreum
1149 723 1236 788 ad
1281 722 1763 790 extrahendum
1811 744 1995 787 suam
2044 744 2281 809 aquam
2328 731 2393 788 et
2438 724 2861 788 derivandum

487 811 575 877 ad
620 809 994 897 generalem
1045 832 1255 897 aquae
1298 810 1605 876 haustum
1651 809 2115 896 principalium
2163 808 2591 894 colonorum3
2636 809 2753 877 sed
2796 811 2861 875 in

489 897 593 963 his
661 899 910 984 optima
970 904 1070 967 est
1137 898 1429 962 cautela:
1490 897 1711 961 Primo
1774 896 2109 962 declarare
2174 895 2705 962 contrahentium
2761 917 2861 961 vo-

487 984 846 1062 luntatem,
911 985 1068 1069 quia
1133 994 1329 1071 pacta
1403 1006 1488 1048 ex
1563 984 2001 1049 conventione
2070 981 2281 1068 legem
2351 984 2753 1070 suscipiunt3
2816 983 2868 1048 si

487 1092 648 1137 vero
691 1070 861 1135 nihil
909 1072 1085 1136 inter
1129 1068 1587 1136 contrahentes
1634 1068 1715 1135 de
1759 1069 1861 1134 bis
1908 1068 2154 1135 dictum
2203 1078 2325 1147 est,
2395 1078 2556 1135 tunc
2600 1091 2863 1155 genera-

493 1157 620 1223 lius
665 1164 785 1234 est,
833 1178 1260 1223 concessores
1307 1156 1707 1223 laneonariis
1757 1156 1951 1221 modo
1996 1154 2329 1243 praedicto
2376 1158 2445 1221 in
2495 1155 2765 1222 funibus
2808 1164 2868 1222 et

491 1265 683 1310 coreo
745 1244 1129 1332 providere,
1206 1246 1358 1331 quia
1418 1243 1534 1309 ubi
1595 1250 1695 1309 est
1754 1242 2304 1325 emolumentum,
2364 1252 2430 1309 et
2488 1264 2657 1309 onus
2732 1265 2866 1309 esse

491 1329 708 1397 debet.
800 1333 866 1412 ξ.
917 1332 1017 1396 17.
1062 1332 1403 1397 Tenentur
1445 1328 1720 1419 insuper
1762 1352 2005 1417 aquam
2106 1330 2518 1416 rincipalem,
2562 1352 2651 1395 ne
2696 1330 2869 1417 ipsos

488 1419 558 1482 in
603 1415 944 1483 laboribus
992 1419 1126 1482 suis
1172 1417 1511 1503 impediat,
1558 1416 1876 1501 retinere;
1944 1439 2032 1481 un
2085 1438 2120 1481 e
2167 1414 2365 1483 valde
2411 1425 2679 1482 cautum
2727 1422 2863 1499 erit,

490 1504 655 1569 haec
717 1504 938 1569 omnia
997 1501 1121 1569 sub
1181 1503 1356 1569 bono
1415 1504 1795 1569 testimonio
1867 1502 2225 1581 declarare,
2299 1512 2373 1568 ut
2434 1524 2865 1591 unaquaeque

488 1610 644 1677 pars
691 1590 828 1655 suis
889 1592 1184 1655 terminis
1231 1592 1315 1656 sit
1361 1598 1707 1673 contenta3
1768 1589 2066 1676 alioquin
2135 1610 2331 1676 super
2374 1590 2867 1677 quaestionibus

491 1676 650 1742 inde
697 1678 944 1742 exortis
991 1676 1270 1742 stabitur
1315 1677 1516 1743 solius
1563 1678 1939 1742 testimonio
1986 1678 2411 1743 concessoris.
2479 1681 2539 1760 ξ.
2589 1678 2697 1743 18.
2742 1674 2867 1743 Sed

489 1773 712 1829 tamen
758 1764 972 1827 visum
1035 1772 1136 1828 est
1192 1784 1612 1829 concessores
1673 1762 1849 1829 solos
1908 1764 1978 1827 in
2039 1762 2419 1850 hujusmodi
2487 1764 2864 1829 testimonio

494 1850 755 1935 saepius
801 1848 1135 1933 vacillare,
1174 1852 1373 1937 juxta
1399 1849 1598 1915 illud:
1644 1850 1789 1915 Vae
1816 1848 1955 1927 soli,
2004 1871 2152 1915 cum
2187 1850 2534 1933 ceciderit3
2580 1872 2719 1917 non
2764 1850 2867 1915 ha-

493 1936 607 2002 bet
667 1934 1162 2001 sublevantem!
1231 1937 1381 2001 ideo
1443 1936 1527 2001 ad
1589 1937 1905 2021 majorem
1966 1937 2263 2002 veritatis
2331 1936 2703 2003 doctrinam
2750 1946 2867 2003 sta-

494 2022 740 2088 tuimus
785 2021 910 2087 hoc
956 2023 1190 2099 edicto,
1252 2024 1602 2109 magistros
1650 2024 1968 2088 montium
2018 2024 2099 2088 de
2146 2032 2363 2090 cetero
2411 2026 2867 2090 concessiones

493 2108 713 2174 nullas
775 2108 1159 2192 concedere,
1222 2111 1352 2175 nisi
1411 2110 1496 2176 ad
1556 2110 1776 2175 minus
1843 2131 1976 2175 uno
2038 2120 2386 2199 praesente
2448 2132 2565 2175 suo
2642 2110 2869 2177 colono

491 2194 600 2262 vel
661 2215 794 2260 uno
829 2196 1074 2281 jurato,
1125 2197 1380 2263 scilicet
1425 2218 1753 2277 scansore,
1800 2198 2217 2283 carpentario
2263 2196 2372 2263 vel
2419 2196 2717 2279 custode,
2764 2198 2867 2284 qui

489 2304 640 2347 cum
701 2283 846 2368 ipso
909 2304 1296 2349 concessore
1359 2283 1553 2348 simul
1613 2282 2005 2369 perhibeant
2064 2286 2510 2350 testimonium
2572 2284 2870 2368 veritati3

490 2369 645 2455 quia
669 2390 838 2455 quae
862 2369 1178 2435 infirmari
1201 2378 1498 2457 possunt,
1543 2391 1940 2456 praecavere
1966 2368 2244 2454 debent;
2289 2393 2443 2436 nam
2467 2372 2635 2436 istae
2678 2392 2869 2457 quae-

490 2456 739 2521 stiones
785 2454 1006 2540 plures
1068 2458 1154 2523 ad
1215 2480 1520 2543 magnam
1584 2478 1906 2521 summam
1970 2458 2291 2540 pecuniae
2353 2480 2423 2523 se
2485 2460 2871 2523 extendunt.

491 2541 714 2621 Quare
761 2543 936 2606 circa
981 2564 1092 2609 eas
1151 2566 1410 2631 semper
1455 2545 1714 2609 cautius
1776 2551 1876 2609 est
1936 2543 2285 2630 agendum,
2347 2553 2418 2610 ut
2463 2546 2646 2611 omni
2692 2552 2873 2632 parte

491 2626 836 2693 fraudibus
898 2628 1236 2696 hominum
1301 2638 1700 2713 occurratur,
1761 2630 2223 2718 indempnitati
2270 2631 2675 2718 litigantium
2721 2652 2870 2697 con-

465 2713 790 2797 sulendo,
839 2736 923 2781 ne
969 2735 1322 2805 suppressa
1365 2720 1648 2785 veritate
1692 2718 2078 2784 innocentia
2124 2716 2414 2788 feriatur.

1529 3579 1704 3665 Gap.
1750 3579 1838 3646 11.

970 3744 975 3748 -
1075 3698 1177 3765 De
1222 3700 1755 3767 conditionalibus
1798 3701 2307 3776 concessionibus.

670 3836 1166 3904 Conditionales
1211 3858 1370 3903 vero
1410 3840 1871 3905 concessiones
1896 3847 2069 3923 sunt,
2120 3861 2289 3929 quae
2335 3862 2482 3908 cum
2530 3841 2657 3906 hac
2702 3835 2875 3903 clau-

494 3922 642 3989 sula
665 3924 1146 3990 conceduntur:
1176 3924 1270 3991 Ut
1293 3946 1489 4013 quam
1514 3928 1643 3991 cito
1661 3924 2026 3991 laneonarii
2050 3927 2139 4017 ad
2164 3928 2564 3996 ordinarium
2590 3932 2877 3992 meatum

490 4011 935 4097 pervenerint,
982 4010 1071 4075 ab
1115 4011 1259 4100 ipso
1293 4012 1627 4095 recedant,
1674 4012 1857 4078 nullo
1884 4013 1969 4078 ad
2016 4034 2127 4080 eos
2165 4017 2449 4083 transitu
2495 4019 2873 4102 expectat03

498 4096 675 4182 quod
733 4098 802 4160 in
863 4098 1048 4185 puris
1107 4099 1645 4178 concessionibus
1690 4099 1907 4165 locum
1954 4123 2087 4166 non
2134 4098 2354 4186 habet,
2400 4104 2557 4191 quia
2614 4102 2682 4166 in
2745 4097 2875 4164 illis

495 4182 882 4268 laneonarii,
929 4192 1284 4272 antequam
1331 4186 1417 4253 ad
1463 4208 1576 4253 eos
1598 4186 2073 4284 fiattra'nsitus,
2120 4210 2307 4255 suum
2355 4190 2625 4275 faciunt,
2671 4208 2870 4277 quan·
