3150 5017
1547 335 2022 421 —15‘38—

595 533 926 620 principes
970 530 1217 596 domini
1262 530 1468 596 nostri
1533 529 1708 617 regis
1778 550 1848 595 se
1899 530 2038 617 jam
2103 527 2367 594 datione
2423 527 2574 595 fidei
2632 539 2695 594 et
2745 529 2914 595 literis

596 620 1063 701 astrinxerunt,
1110 626 1176 683 et
1197 616 1282 682 ad
1304 616 1429 682 hoc
1473 637 1622 681 cum
1667 616 1998 703 principes
2038 616 2151 702 qui
2196 638 2316 703 pro
2338 625 2523 701 parte
2543 625 2756 683 nostra
2794 624 2917 681 sunt

592 706 929 786 nominati,
966 704 1339 792 juraverint
1380 725 1457 768 su
1507 725 1579 769 er
1622 724 1779 768 casu
1823 701 2166 785 consimili,
2211 722 2282 768 se
2316 702 2671 787 juramenti
2697 702 2917 767 vinculo

597 791 1025 879 corporaliter
1067 791 1379 878 praestito
1423 812 1461 857 o
1511 788 1831 876 ligabunt.
1877 789 1982 855 De
2012 790 2160 855 aliis
2206 789 2401 855 etiam
2447 789 2776 856 duodecim
2814 789 2918 854 vid.

592 878 1034 967 adjungendis
1080 900 1120 943 a
1166 878 1339 942 dicto
1402 876 1668 943 domino
1742 884 1967 943 nostro
2023 898 2178 963 rege
2228 878 2372 962 jam
2434 896 2688 959 novem,
2721 897 2823 941 sc.
2859 874 2917 939 F.

590 965 915 1052 (nomina)
952 967 1379 1051 juraverunt3
1426 973 1559 1031 tres
1593 984 1747 1029 vero
1780 963 2025 1029 residui
2064 963 2188 1027 hoc
2220 962 2393 1029 idem
2416 963 2752 1047 jurabunt,
2774 972 2916 1047 post-

637 1074 787 1118 uam
833 1074 949 1138 per
992 1049 1167 1116 dom.
1214 1049 1720 1118 olomucensem
1767 1058 1988 1115 nostro
2034 1051 2297 1115 nomine
2341 1049 2588 1117 fuerint
2628 1050 2919 1115 nominati.

591 1074 663 1205 ἓί
709 1148 926 1205 autem
972 1160 1091 1225 per
1133 1160 1253 1203 nos
1298 1146 1365 1203 et
1427 1148 1687 1203 nostros
1745 1138 1816 1200 in
1878 1135 2075 1201 dictis
2133 1136 2450 1223 gravibus
2495 1149 2562 1202 et
2607 1134 2920 1223 majoribus

591 1225 887 1291 articulis
930 1228 1113 1312 pacis
1172 1224 1495 1291 ordinatio
1541 1223 1739 1288 fuerit
1781 1222 2047 1305 violata,
2093 1232 2338 1289 extunc
2380 1224 2753 1311 praedictus
2793 1220 2922 1290 010·

591 1314 921 1377 mucensis
967 1314 1316 1400 episcopus
1361 1320 1426 1376 et
1446 1310 1733 1376 illustres
1758 1312 2107 1398 principes,
2152 1310 2237 1376 D.
2261 1310 2420 1377 Otto
2443 1310 2726 1376 marchio
2753 1310 2920 1374 Bran-

593 1398 1075 1486 denburgensis
1121 1408 1187 1465 et
1229 1398 1316 1463 Η.
1363 1396 1502 1463 dux
1541 1396 2024 1479 Wratislaviae‚
2071 1406 2136 1463 et
2180 1397 2547 1475 duodecim,
2595 1420 2753 1485 quos
2773 1416 2922 1485 prae·

592 1486 807 1551 dictus
866 1486 1300 1574 purchravius
1369 1483 1524 1548 dicti
1584 1484 1792 1549 nostri
1850 1485 2025 1569 regis
2071 1486 2336 1550 nomine
2396 1484 2479 1550 de
2539 1482 2923 1551 servitoribus

590 1574 830 1639 nostris
876 1572 1163 1659 elegerit,
1207 1579 1553 1659 postquam
1597 1592 1718 1657 per
1762 1569 2007 1636 dictum
2025 1570 2363 1637 dominum
2407 1580 2701 1637 nostrum
2742 1590 2924 1655 regem

592 1662 824 1725 moniti
844 1658 1107 1739 fuerint,
1138 1658 1379 1743 Egram
1414 1658 1586 1722 infra
1609 1667 1889 1745 quatuor
1913 1660 2316 1745 septimanas
2337 1657 2698 1737 intrabunt,
2720 1655 2922 1723 abinde

592 1744 971 1811 nullatenus
1033 1754 1181 1811 ante
1228 1744 1740 1810 satisfactionem
1799 1746 2298 1811 commissorum
2347 1745 2708 1833 plenariam
2751 1764 2921 1810 reces-

595 1833 769 1915 suri;
818 1832 897 1897 de
941 1831 1179 1919 quibus
1214 1832 1359 1919 jam
1409 1833 1806 1919 juraverunt
1851 1840 2016 1913 octo,
2077 1832 2213 1902 vid.
2256 1832 2558 1899 Bavarus
2623 1830 2924 1919 (nomina),

594 1928 873 2007 quatuor
952 1940 1110 1985 vero
1186 1917 1464 2000 residui,
1526 1920 1640 2005 qui
1695 1926 1854 1984 tunc
1912 1941 2046 1985 non
2103 1928 2292 1985 erant
2348 1922 2419 1985 in
2486 1930 2715 1987 nostra
2780 1938 2927 2007 prae·

592 2007 803 2073 sentia
846 2008 1201 2082 constituti,
1245 2005 1375 2071 vid.
1422 2005 1871 2073 Theodericus
1919 2006 2246 2093 (nomina)
2293 2007 2593 2073 similiter
2627 2010 2924 2094 Juramen·

590 2103 731 2161 tum
819 2092 1219 2161 raestabunt.

834 2180 923 2247 H.
981 2181 1150 2246 Item
1208 2200 1333 2245 nec
1375 2178 1592 2244 dictus
1653 2179 1828 2246 dom.
1884 2200 2007 2246 rex
2072 2188 2331 2246 nostros
2391 2182 2534 2249 sine
2595 2189 2808 2248 nostro
2847 2177 2925 2242 be-

592 2268 918 2357 neplacito
964 2277 1029 2333 et
1072 2288 1420 2347 consensu,
1480 2287 1605 2331 nec
1647 2287 1768 2331 nos
1814 2265 1970 2331 dicti
2015 2268 2187 2332 dom.
2233 2268 2406 2353 regis
2451 2270 2794 2335 servitores
2843 2272 2930 2329 aut

592 2356 889 2421 homines
932 2356 1071 2420 sine
1115 2356 1257 2441 ejus
1303 2374 1648 2435 consensu,
1695 2351 2064 2419 fovebimus
2108 2362 2174 2420 et
2215 2356 2630 2443 recipiemus.

767 2440 961 2506 XIII.
1006 2440 1354 2507 Praeterea
1398 2442 1454 2505 si
1500 2442 1582 2506 de
1629 2440 1804 2506 dicto
1852 2440 2116 2506 domino
2161 2463 2316 2528 rege
2361 2442 2551 2508 nobis
2597 2442 2757 2508 talia
2796 2438 2926 2505 refe-

592 2538 819 2595 rentur
834 2534 1161 2594 contraria
1204 2527 1313 2594 vel
1356 2529 1638 2609 sinistra,
1687 2548 1855 2614 quae
1900 2530 2130 2597 merito
2155 2535 2447 2595 animum
2493 2537 2784 2595 nostrum
2825 2544 2925 2591 mo-

597 2624 795 2682 veant
839 2624 904 2680 et
947 2616 1032 2680 ad
1078 2613 1530 2681 credulitatem
1574 2614 1915 2699 inducant,
1936 2637 2059 2680 nos
2088 2613 2436 2681 relatorem
2481 2616 2846 2704 huiusmodi
2881 2618 2927 2675 et

603 2702 763 2789 quid
807 2700 999 2767 nobis
1044 2701 1359 2784 retulerit,
1417 2700 1869 2767 nuntiabimus
1927 2702 2055 2789 ipsi
2113 2703 2273 2789 regi,
2335 2702 2511 2790 quod
2555 2712 2626 2769 et
2670 2706 2810 2793 ipse
2847 2699 2928 2763 do·

596 2791 813 2855 minus
857 2799 1083 2855 noster
1123 2810 1246 2855 rex
1286 2788 1478 2854 nobis
1522 2788 1721 2855 faciet
1761 2790 1906 2855 vice
1949 2810 2158 2854 versa.

763 2875 948 2944 XIV.
996 2876 1345 2943 Praeterea
1390 2875 1703 2962 quicquid
1735 2876 1910 2941 infra
1931 2875 2349 2964 epiphaniam
2394 2876 2687 2955 Domini,
2729 2871 2926 2943 Herbi·

594 2961 886 3053 polensis
930 2974 995 3029 et
1038 2962 1457 3051 supradictus
1500 2962 1959 3029 olomucensis
2012 2965 2304 3051 episcopi
2348 2971 2413 3029 et
2455 2962 2745 3030 illustres
2787 2961 2928 3049 prin·

598 3052 777 3137 cipes
819 3050 900 3115 D.
945 3051 1020 3115 L.
1067 3070 1284 3117 comes
1328 3048 1661 3136 palatinus
1702 3049 1893 3134 Reni,
1938 3049 2077 3114 dux
2097 3050 2439 3135 Bavariae,
2483 3051 2569 3116 D.
2599 3051 2754 3119 Otto
2797 3067 2928 3113 mar-

596 3136 744 3202 chio
804 3136 1463 3223 Brandenburgensis
1579 3135 1873 3219 raedicti,
1949 3136 2036 3201 H.
2095 3136 2508 3223 lantgravius
2565 3138 2840 3205 Hassiae
2884 3138 2932 3195 et

596 3224 809 3289 dictus
868 3224 944 3289 F.
1007 3223 1087 3290 de
1132 3222 1539 3289 Nuremberc
1585 3271 1603 3306 ,
1676 3223 1782 3289 vel
1845 3225 1899 3287 si
1958 3224 2116 3289 dicti
2175 3226 2504 3312 principes
2570 3235 2685 3291 aut
2743 3238 2931 3289 eorum

597 3309 801 3397 aliqui
846 3312 1070 3377 haberi
1115 3333 1248 3376 non
1293 3310 1642 3397 potuerint,
1709 3332 1872 3397 quos
1917 3332 2004 3375 ex
2044 3309 2178 3376 illis
2224 3311 2331 3377 vel
2377 3310 2523 3377 aliis
2566 3312 2762 3377 iidem
2805 3306 2932 3373 010-

598 3399 930 3464 mucensis
974 3407 1040 3463 et
1098 3395 1527 3483 purchravius
1595 3420 1711 3484 pro
1771 3397 2068 3462 solidiori
2127 3407 2192 3465 et
2250 3395 2493 3464 utiliori
2555 3398 2833 3463 amicitia
2887 3398 2936 3455 et

597 3484 949 3550 concordia
992 3485 1261 3550 firmiori
1297 3486 1467 3549 inter
1490 3482 1736 3549 dictum
1770 3484 2104 3550 dominum
2151 3497 2444 3553 nostrum
2469 3506 2690 3571 regem
2735 3491 2797 3549 et
2837 3498 2934 3545 nos

596 3572 991 3653 invenerint,
1063 3570 1363 3637 similiter
1407 3569 1622 3636 dictus
1669 3570 1838 3638 dom.
1885 3580 2111 3638 noster
2157 3594 2277 3639 rex
2323 3582 2388 3638 et
2431 3593 2554 3637 nos
2600 3570 2936 3638 tenebimur

594 3657 1065 3725 inviolabiliter
1106 3658 1477 3724 observare.

773 3745 853 3811 In
899 3766 1176 3831 quorum
1220 3744 1508 3810 omnium
1552 3746 1994 3811 testimonium
2045 3756 2110 3811 et
2152 3745 2356 3812 robur
2412 3766 2723 3834 praesens
2766 3741 2934 3825 scrip·

596 3840 738 3899 tum
781 3832 923 3899 fieri
968 3842 1033 3899 et
1077 3831 1310 3918 sigillis
1354 3833 1596 3898 nostris
1640 3834 1915 3899 fecimus
1961 3834 2370 3901 communiri.

770 3920 925 3985 Dat.
970 3917 1221 4005 Pragae
1262 3919 1343 3986 A.
1402 3918 1487 3987 D.
1532 3918 1879 3986 millesimo
1948 3919 2062 3987 Oc
2119 3918 2612 4009 Septuagesimo
2671 3916 2932 4005 septime,

603 4004 811 4095 pridie
855 4006 1017 4074 Idus
1061 4004 1489 4095 Septembris,
1535 4015 1763 4074 sextae
1807 4006 2220 4074 Indictionis.

1582 4304 1991 4317 —dnn—-a-
