3150 5017
1539 359 1627 374 --
1718 315 2014 389 198—-

760 499 840 564 In
886 500 1072 586 cujus
1116 501 1210 564 rei
1256 498 1702 565 testimonium
1749 505 1816 564 et
1857 495 2056 562 robur
2099 517 2414 585 praesens
2459 499 2772 584 scriptum
2807 497 2926 564 fieri

592 593 658 652 et
702 584 917 673 sigillo
964 607 1109 651 meo
1154 586 1279 651 feci
1326 584 1591 650 muniri.

760 673 996 738 Actum
1015 671 1267 758 Pragae
1312 672 1507 739 Anno
1530 670 1802 737 Domini
1853 670 2038 738 1278.
2081 669 2378 758 Septimo
2399 669 2562 738 Idus
2591 670 2926 754 Februarii,

588 767 816 826 sextae
862 758 1264 826 indictionis.
2486 785 2501 816 ι

1713 1017 1816 1083 70.

952 1137 1404 1225 Libertates
1460 1142 1542 1221 et
1585 1140 1776 1244 jura
1833 1137 2128 1220 civium
2179 1137 2264 1222 in
2322 1137 2601 1222 Broda.

1528 1277 1716 1360 1278,
1763 1278 1824 1343 8.
1871 1276 2028 1342 Jun.

726 1470 729 1474 ’
806 1452 1008 1506 Semita
1056 1453 1431 1520 antiquissima
1477 1466 1612 1518 quae
1647 1467 1684 1502 a
1718 1457 1891 1504 castro
1929 1435 2268 1504 basiaviensi
2315 1467 2410 1523 per
2445 1451 2600 1504 Habr
2633 1452 2702 1504 ad
2737 1455 2934 1503 castrum

592 1523 895 1590 Iglaviense
931 1523 1151 1586 ferebat,
1189 1522 1451 1574 Sazavam
1488 1523 1685 1574 flumen
1721 1521 1778 1571 in
1814 1521 2002 1573 mediis
2038 1522 2192 1574 silvis
2228 1521 2574 1587 densissimis,
2623 1523 2715 1573 ubi
2749 1521 2936 1573 saeculo

598 1594 755 1647 XIII.
792 1591 1009 1644 condita
1042 1599 1121 1643 est
1157 1592 1346 1643 civitas
1398 1591 1539 1643 Brod
1590 1591 1842 1642 Smilonis
1879 1607 1975 1642 seu
2008 1591 2428 1656 Theutonicalis,
2463 1591 2937 1659 transgrediebatur.

594 1661 781 1728 Ipsum
817 1677 1011 1713 nomen
1049 1662 1197 1726 brod,
1232 1663 1269 1712 i.
1316 1677 1360 1712 e.
1398 1661 1611 1726 vadum,
1667 1661 2010 1726 demonstrat,
2065 1663 2301 1713 fluminis
2335 1662 2619 1714 transitum
2671 1661 2749 1712 ibi
2780 1661 2938 1712 fuisse.

808 1731 991 1782 Priore
1027 1731 1248 1782 dimidio
1286 1731 1485 1782 saeculi
1521 1731 1676 1782 XIII.
1713 1732 1770 1781 in
1821 1729 2018 1782 finibus
2053 1730 2418 1796 Brodensibus
2453 1731 2594 1798 lapis
2631 1731 2939 1797 argentarius

598 1803 845 1852 inventus
883 1805 979 1862 est,
1012 1800 1229 1866 iamque
1278 1815 1325 1852 a.
1368 1802 1501 1852 1234
1548 1801 1860 1852 urburarius
1896 1801 1952 1850 in
1989 1800 2182 1866 Broda‚
2218 1816 2270 1853 a.
2311 1803 2444 1854 1258
2481 1799 2816 1852 Eberhardus
2846 1814 2940 1850 ma·

592 1871 765 1937 gister
815 1874 1059 1921 monetae
1106 1884 1264 1936 super
1306 1870 1731 1936 argentifodinas
1781 1871 1839 1920 in
1873 1871 2049 1922 Broda
2083 1875 2544 1923 commemoratur.
2615 1870 2784 1938 Regio
2815 1884 2938 1918 mon-

595 1941 731 1994 tium
768 1938 1121 1992 Brodensium
1168 1944 1283 1992 erat
1326 1941 1728 2004 potentissimae
1783 1943 1956 2006 gentis
2007 1941 2372 1992 Hronidarum
2386 1979 2402 2003 ,
2457 1943 2548 2006 qui
2595 1939 2709 2006 jam
2756 1937 2939 1990 saeculo

596 2010 750 2062 XIII.
804 2023 925 2060 arce
958 2009 1319 2076 Idchtenburg
1352 2024 1403 2061 a.
1444 2011 1577 2062 1251
1615 2011 1675 2059 in
1708 2009 1982 2062 Montibus
2029 2011 2238 2062 Ferreis
2285 2009 2518 2074 condita,
2573 2025 2694 2062 sese
2749 2023 2781 2060 a
2810 2007 2940 2058 Lich-

594 2078 823 2145 tenburg
840 2079 1242 2147 nuncupabant,
1278 2094 1381 2144 quo
1417 2079 1617 2130 factum
1653 2085 1750 2144 est,
1785 2084 1848 2130 ut
1882 2080 2074 2131 civitas
2109 2095 2142 2130 a
2176 2079 2459 2132 metallicis
2493 2080 2552 2130 in
2587 2078 2816 2146 praediis
2826 2077 2937 2128 Hro-

598 2147 848 2268 3idarum
884 2147 1097 2200 condita
1131 2164 1165 2198 a
1201 2147 1428 2199 dominis
1466 2149 1529 2200 de
1564 2148 1928 2215 Licbtenburg
1974 2147 2354 2216 possideretur,
2397 2150 2475 2200 rei
2521 2147 2820 2202 metallicae
2851 2151 2938 2198 stu-

630 2217 928 2269 iosissimis.

810 2286 1052 2349 Quatuor
1085 2288 1275 2338 fratres
1324 2287 1602 2339 Hronidae
1637 2303 1687 2338 a.
1728 2289 1861 2340 1278
1908 2287 2033 2354 jura
2068 2292 2122 2340 et
2156 2289 2522 2340 immunitates
2570 2285 2940 2348 confirmarunt,

602 2356 796 2421 quibus
830 2356 1108 2407 ‚metallici
1158 2355 1456 2409 Brodenses
1500 2356 1882 2423 praedicabant
1929 2374 1986 2410 se
2039 2357 2310 2423 praeditos
2366 2373 2485 2410 esse
2536 2357 2651 2424 jam
2688 2371 2721 2408 a
2755 2355 2939 2406 domino

603 2425 860 2491 Smilone,
917 2425 1131 2477 illoram
1166 2431 1333 2493 patre,
1384 2427 1533 2494 eujus
1570 2443 1767 2479 nomen
1818 2427 2143 2494 temporibus
2199 2429 2545 2480 1243—1269
2581 2429 2766 2480 notum
2801 2429 2871 2478 est
2900 2426 2941 2474 et

598 2509 663 2544 ex
701 2509 805 2560 quo
850 2495 971 2560 ipsa
1024 2495 1216 2546 civitas
1267 2497 1497 2563 primum
1534 2496 1709 2558 „Brod
1757 2495 2045 2548 Smilonis“
2104 2496 2495 2564 appellabatur,
2550 2497 2722 2548 donec
2771 2507 2936 2544 nomen

607 2563 817 2627 „Broda
850 2561 1279 2616 Theutonicalis“
1328 2566 1618 2617 increbruit
1665 2565 1796 2631 (alia
1849 2571 1928 2618 est
1975 2566 2150 2618 Broda
2201 2565 2580 2633 Hungaricalis
2615 2567 2676 2616 in
2709 2563 2935 2626 Moravia,

601 2633 713 2685 alia
747 2631 924 2685 Broda
958 2635 1279 2686 Boemicalis
1312 2637 1371 2686 in
1404 2637 1645 2687 interiori
1677 2635 1973 2700 Bohemia).

804 2703 1103 2756 Literarum
1138 2720 1269 2769 quas
1304 2705 1393 2756 hic
1428 2705 1754 2770 exhibemus,
1793 2704 2184 2772 autographum
2220 2704 2288 2760 ad
2323 2710 2536 2759 nostros
2571 2704 2685 2757 dies
2718 2704 2776 2754 in
2811 2701 2938 2754 tabu-

596 2771 732 2824 lario
769 2773 1007 2824 civitatis
1058 2773 1504 2826 Teutobrodensis
1540 2778 1737 2840 exstatg
1799 2776 1942 2840 typis
1978 2774 2378 2829 accuratissime
2431 2775 2754 2842 exscriptum
2790 2769 2931 2823 estin

596 2841 731 2962 {bro
766 2843 976 2960 cozssitis
1029 2841 1095 2893 de
1143 2842 1456 2910 Sternberg:
1528 2843 1965 2896 Urkundenbuch
2011 2860 2105 2895 sur
2141 2844 2459 2897 Geschichte
2493 2845 2586 2896 der
2620 2839 2934 2895 biihmischen

646 2926 845 2977 ergwer
885 2927 931 2961 e.

802 2981 1037 3032 Heiman
1072 2996 1107 3035 a
1138 2982 1499 3049 Lichtenburg
1542 2982 1667 3046 jura
1703 2985 1936 3035 civitatis
1971 2982 2179 3036 Brodae
2211 2983 2550 3036 confirmavit
2585 2997 2727 3034 anno
2761 2980 2934 3031 incerto

600 3051 740 3102 inter
773 3063 825 3102 a.
864 3052 999 3103 1278
1035 3057 1087 3104 et
1124 3054 1259 3104 1290
1292 3052 1569 3118 interjecto
1606 3050 1811 3119 (Bocek
1848 3053 2028 3106 Codex
2062 3052 2191 3120 dipl.
2228 3055 2361 3106 Mor.
2397 3053 2462 3106 V.
2501 3051 2643 3120 270).

778 3187 1260 3255 Detrimentum
1327 3189 1465 3276 pati
1533 3189 1822 3275 poterint
1864 3197 2052 3275 gesta
2097 3191 2238 3255 sive
2307 3191 2521 3276 pactio
2571 3186 2940 3265 mortalium,

606 3275 733 3340 nisi
777 3273 997 3340 valido
1044 3275 1406 3343 litterarum
1433 3283 1497 3342 et
1520 3275 1788 3340 testium
1833 3276 2062 3362 vigore
2091 3275 2321 3342 fulcita
2364 3276 2778 3343 roborentur.
2825 3271 2939 3338 Nos

605 3361 805 3448 igitur
862 3360 1231 3448 Heinricus,
1278 3361 1490 3429 Zmilo
1536 3371 1602 3429 et
1645 3363 1910 3431 Ulricus
1957 3373 2082 3428 nec
2125 3385 2258 3430 non
2302 3363 2783 3439 Reinmundus,
2825 3381 2944 3446 ger-

602 3449 780 3514 mani
828 3449 965 3513 sive
1012 3447 1244 3515 fratres
1293 3450 1373 3516 de
1398 3448 1925 3527 Luchtenburch,
1973 3451 2384 3516 innotescere
2427 3450 2739 3516 volumus
2826 3467 2943 3512 rae·

604 3533 898 3602 sentibus
945 3545 1009 3600 et
1050 3537 1344 3618 victuris,
1410 3557 1724 3623 praesens
1787 3539 2100 3624 scriptum
2145 3539 2560 3625 inspecturis,
2631 3558 2760 3624 quo
2847 3553 2947 3598 nos

604 3623 991 3690 dilectorum
1034 3623 1276 3688 civium
1324 3632 1696 3690 nostrorum
1755 3625 1822 3689 in
1870 3625 2090 3690 Broda
2136 3645 2362 3713 preces
2409 3626 2800 3692 affectuosas
2855 3618 2944 3686 ad·

608 3718 934 3778 vertentes
981 3716 1047 3775 et
1091 3707 1424 3778 assiduas:
1471 3711 1808 3778 libertates
1856 3719 1920 3777 et
1957 3713 2112 3798 jura
2158 3711 2550 3800 subscripta,
2598 3708 2837 3798 quibus
2879 3727 2946 3771 ex

606 3799 876 3886 antiquo
922 3797 1323 3864 concedente
1385 3796 1621 3864 dilecto
1692 3797 1953 3863 domino
2014 3806 2080 3864 et
2123 3808 2308 3886 patre
2364 3808 2591 3866 nostro
2653 3795 2946 3867 Zmilone,

606 3884 816 3952 felicis
860 3886 1235 3970 memoriae,
1297 3893 1362 3952 et
1406 3884 1555 3950 aliis
1599 3887 1838 3955 nostris
1869 3885 2486 3974 praedecessoribus
2530 3881 2945 3952 annuentibus

608 3972 821 4059 gavisi
880 3983 1049 4050 sunt,
1107 3995 1226 4059 per
1286 3992 1457 4059 quae
1518 3980 1584 4038 et
1627 3995 1760 4038 nos-
1793 3973 2125 4039 eommuni
2169 3995 2395 4040 eorum
2440 3972 2709 4040 utilitati
2753 3971 2941 4037 decre-

608 4059 824 4124 vimus
848 4058 1327 4146 providendum
1352 4067 1685 4147 perpetue,
1729 4061 1894 4146 ipsis
1939 4070 2249 4126 eteorum
2296 4063 2578 4148 posteris
2622 4081 2706 4126 ex
2749 4065 2940 4125 nostra

663 4143 1031 4212 rovidentia
1074 4155 1266 4212 aucta
1311 4155 1378 4211 et
1423 4145 1772 4210 emendata
1831 4148 1940 4233 pio
1987 4149 2446 4236 prosequimur
2489 4149 2718 4216 favore
2762 4154 2823 4211 et
2863 4144 2937 4206 in-

612 4168 974 4317 gulgemus,
1035 4231 1457 4298 nihilominus
1517 4233 1766 4298 eisdem
1830 4237 2059 4301 eadem
2107 4237 2480 4322 conscripta
2525 4232 2724 4322 sigilli
2767 4227 2939 4297 nostri

538 4362 542 4364 -
612 4327 940 4386 caractere
985 4319 1304 4386 tradimus
1351 4320 1760 4406 consignata.
