3150 5017
2335 19 2402 42 'Vi-f
2409 21 2432 30 Γ

2750 28 2930 183 ἲ

1533 332 2004 395 -178-

576 501 965 568 concordiae
1022 523 1171 567 cum
1232 502 1488 585 effectu,
1548 502 1693 587 ipse
1749 523 1870 567 rex
1931 502 2265 586 Ungariae
2313 499 2596 587 subjecit
2637 522 2712 567 se
2749 502 2940 587 juris-

549 588 847 673 ‚dictioni
888 589 1181 672 ipsorum
1230 587 1874 674 archiepiscoporum
1891 595 1956 654 et
1979 589 2460 689 episcoporum,
2505 608 2638 652 non
2685 586 2944 659 obstan-

572 673 750 739 tibus
795 672 1127 760 aliquibus
1172 673 1398 750 literis,
1444 673 1875 759 indulgentiis
1921 695 2036 737 seu
2082 674 2444 759 privilegiis
2503 696 2544 738 a
2601 673 2762 740 sede
2801 695 2944 759 apo·

574 761 812 827 stolica
854 760 1223 847 impetratis
1269 759 1376 825 vel
1422 761 1492 826 in
1538 768 1870 847 posterum
1913 759 2368 846 impetrandis.

1692 931 1844 997 VH.
1939 1014 1980 1058 .

745 1105 1093 1170 Praeterea
1135 1113 1208 1169 ut
1252 1100 1730 1189 multiplicatus
1775 1102 2113 1167 funiculus
2158 1123 2385 1186 pacem
2449 1102 2646 1167 faciat
2704 1103 2942 1188 plenio-

573 1212 736 1270 rem,
801 1188 1217 1255 venerabiles
1284 1199 1503 1275 patres
1562 1187 1814 1254 electus
1885 1186 2450 1273 Salzeburgensis,
2517 1190 2938 1269 Pataviensi5‚

573 1276 1577 1361 Frisingensis‚Ratisponensis,
1624 1274 1996 1358 Pragensis,
2043 1274 2501 1340 olomucensis
2543 1284 2609 1339 et
2654 1274 2941 1340 Seccovi·

581 1364 773 1439 ensis,
820 1363 1109 1448 episcopi
1155 1364 1341 1446 regni
1386 1371 1839 1446 terrarumque
1863 1369 2254 1435 nostrarum,
2290 1360 2704 1445 juraverunt,
2754 1383 2942 1447 quan-

574 1457 710 1513 tum
779 1448 849 1511 in
910 1450 1005 1513 eis
1070 1456 1187 1527 est,
1249 1468 1476 1533 pacem
1523 1455 1934 1531 praesentem
1980 1447 2152 1511 inter
2194 1448 2410 1532 ipsum
2456 1467 2680 1531 regem
2727 1455 2796 1511 et
2837 1468 2942 1510 nos

574 1534 946 1598 ordinatam
994 1542 1217 1597 tenere
1264 1555 1342 1597 ac
1388 1554 1652 1598 servare
1699 1541 1766 1596 et
1809 1554 1932 1596 nos
1978 1532 2290 1596 inducere
2340 1533 2538 1617 juxta
2584 1534 2942 1617 promissio·

575 1620 681 1683 nis
744 1642 785 1683 a
831 1640 901 1683 se
946 1619 1157 1684 factae
1216 1618 1517 1700 formam,
1578 1616 1666 1683 ad
1727 1618 2005 1683 eandem
2064 1627 2292 1682 mutuo
2353 1619 2834 1684 observandam
2887 1626 2942 1681 et

572 1704 933 1771 tenendum
1000 1726 1098 1781 ea,
1166 1726 1333 1790 quae
1398 1705 1990 1792 inpraesentiarum
2051 1705 2470 1791 promisimus
2529 1712 2595 1768 et
2639 1706 2938 1790 promitti·

572 1812 737 1871 mus,
784 1790 1255 1876 spopondimus
1300 1799 1365 1855 et
1409 1790 1830 1877 spondemus,
1874 1791 2048 1855 sicut
2089 1790 2159 1855 in
2217 1791 2511 1878 ipsorum
2556 1790 2764 1856 literis
2819 1791 2937 1877 ple·

570 1877 723 1941 nius
768 1877 1157 1941 continetur.

748 1988 1215 2057 Promiserunt,
1257 1989 1458 2052 etiam
1521 2004 1644 2072 pe'r
1701 1986 1877 2051 idem
1929 1986 2379 2067 juramentum
2440 1994 2505 2052 et
2551 1988 2929 2073 promittunt,

576 2073 753 2160 quod
803 2075 857 2139 si
902 2095 1021 2138 nos
1069 2073 1277 2161 (quod
1322 2072 1527 2157 absit)
1575 2093 1804 2159 pacem
1852 2073 2210 2159 infringere
2257 2076 2666 2159 contingeret
2707 2074 2810 2138 vel
2847 2094 2924 2153 ea,

618 2182 743 2224 uae
788 2161 857 2224 in
898 2180 1215 2245 praesens
1259 2157 1576 2246 placitum
1623 2167 1776 2224 sunt
1820 2157 2122 2240 deducta,
2169 2158 2448 2225 violare:
2494 2160 2691 2224 iidem
2739 2158 2921 2224 Salze-

626 2248 930 2330 urgensis
978 2244 1230 2311 electus
1280 2244 1599 2329 ecclesiae
1646 2254 1713 2309 et
1755 2246 1974 2330 episco
2026 2248 2046 2307 i
2110 2248 2429 2310 nominati
2476 2247 2789 2331 regnique
2825 2265 2919 2306 no-

572 2334 688 2395 stri
756 2332 1037 2396 barones
1099 2352 1221 2395 nos
1290 2330 1597 2396 deserent
1656 2339 1723 2395 et
1780 2332 1922 2414 regi
1979 2268 2318 2416 {Iugariae
2362 2332 2808 2397 adhaerebunt
2843 2349 2910 2393 ex

574 2415 797 2481 debito
844 2419 1142 2504 praestiti
1186 2418 1557 2503 juramenti.

746 2526 993 2592 Verum
1040 2529 1096 2591 si
1140 2550 1361 2613 regem
1383 2528 1722 2613 Ungariae
1759 2549 1987 2613 pacem
2036 2528 2144 2593 vel
2191 2549 2270 2592 ea
2314 2549 2482 2613 quae
2527 2530 2595 2593 in
2642 2526 2905 2616 placitum
3085 2528 3088 2587 i

575 2612 1003 2694 devenerunt,
1049 2614 1407 2699 infringere
1454 2615 1804 2698 contigerit
1847 2612 1955 2679 vel
2000 2612 2299 2679 turbare:
2347 2612 2805 2701 archiepiscopi
2857 2616 2904 2673 et
3083 2622 3086 2681 ὴ

573 2700 864 2786 episcopi
922 2700 1109 2784 regni
1169 2702 1270 2765 sui
1333 2711 1398 2767 et
1454 2699 1739 2764 barones
1799 2720 1876 2763 ac
1937 2702 2206 2765 comites
2252 2700 2550 2785 ejusdem
2591 2702 2778 2787 juxta
2813 2697 2903 2761 for·
3081 2704 3084 2775 fl

571 2808 745 2849 mam
824 2786 1187 2871 praesentis
1254 2786 1747 2873 compositionis
1820 2792 1886 2849 et
1944 2786 2375 2850 ordinationis
2435 2807 2584 2851 eum
2650 2786 2903 2851 deserent

573 2881 639 2937 et
681 2871 871 2937 nobis
931 2870 1386 2939 adhaerebunt
1446 2869 1746 2957 similiter
1817 2891 1902 2934 ex
1962 2870 2179 2936 debito
2227 2873 2520 2957 praestiti
2558 2868 2899 2959 juramenti,

572 2958 743 3023 sicut
786 2960 855 3022 in
900 2958 1194 3044 ipsorum
1240 2956 1630 3046 patentibus
1666 2956 1873 3021 literis
1919 2958 2310 3022 continetur.
2645 2956 2676 2988 s

744 3061 910 3127 Item
957 3060 1203 3126 electus
1249 3058 1795 3145 salzeburgensis
1839 3068 1906 3123 et
1950 3060 2364 3126 venerabiles
2407 3068 2632 3146 patres
2691 3056 2903 3125 Patavi-

570 3147 767 3228 ensis‚
811 3146 1273 3233 Frisingensis‚
1296 3147 1814 3232 Ratisponensis,
1855 3146 2230 3231 ‘Pragensis‚
2277 3145 2752 3225 olomucensis,
2791 3144 2906 3209 Sec·

570 3234 897 3299 coviensis
941 3234 1234 3319 episcopi
1279 3232 1361 3299 de
1404 3242 1633 3297 nostra
1677 3241 1743 3296 et
1786 3230 2108 3297 baronum
2166 3241 2544 3297 nostrorum
2604 3232 2901 3299 voluntate

572 3339 861 3383 exnunc
905 3320 1297 3383 sententiam
1343 3319 2040 3383 excommunicationis
2084 3318 2608 3405 promulgarunt,
2654 3339 2833 3405 quam
2867 3313 2908 3376 si

570 3424 692 3469 nos
740 3403 947 3490 (quod
991 3402 1191 3489 absit)
1235 3426 1467 3505 pacem
1511 3412 1692 3469 trans
1742 3403 1881 3469 redi
1920 3405 2287 3491 contigerit,
2331 3406 2474 3491 ipso
2520 3404 2695 3471 facto
2731 3406 2907 3468 incur-

568 3511 812 3572 remus,
857 3498 924 3555 et
966 3488 1391 3555 nihilominus
1434 3490 1635 3555 iidem
1681 3511 1717 3555 e
1747 3499 1928 3555 ectus
1972 3497 2038 3556 et
2080 3492 2372 3577 episcopi
2417 3500 2629 3556 totum
2671 3506 2906 3575 regnum

568 3584 914 3662 terrasque
972 3584 1231 3640 nostras
1294 3575 1741 3641 ecclesiastico
1799 3575 2153 3661 subjicient
2211 3577 2279 3641 in
2337 3579 2474 3642 suis
2531 3574 2903 3643 dioecesibus

567 3663 938 3742 interdicto,
999 3682 1133 3726 non
1192 3660 1606 3727 obstantibus
1667 3660 1873 3726 literis
1933 3683 2050 3727 seu
2111 3661 2537 3749 indulgentiis
2584 3659 2906 3750 impetratis

566 3748 677 3815 vel
719 3750 1146 3835 imposterum
1191 3746 1642 3833 impetrandis.

737 3851 1301 3936 Archiepiscopus
1360 3851 1558 3915 etiam
1621 3850 2112 3934 Strigoniensis,
2173 3852 2285 3939 qui
2346 3850 2720 3917 ordinarius
2761 3848 2900 3933 regis

568 3936 904 4020 Ungariae
948 3938 1191 4012 existit,
1250 3946 1314 4002 et
1372 3935 1901 4022 archiepiscopus
1947 3935 2326 4003 Colocensis
2371 3938 2580 4023 ipsius
2624 3934 2900 4003 cancella·

570 4024 709 4087 rius
754 4044 833 4087 ac
876 4024 1271 4107 suffraganei
1315 4022 1694 4104 eorundem,
1763 4020 2039 4106 praelati
2085 4024 2272 4110 regni
2317 4023 2670 4108 Ungariae,
2727 4018 2896 4087 consi-

570 4106 793 4172 milem
860 4109 1560 4174 excommunicationis
1628 4108 2018 4172 sententiam
2086 4112 2155 4174 in
2225 4111 2486 4196 scriptis
2567 4107 2893 4174 solemniter

570 4192 882 4276 tulerunt,
930 4217 1122 4280 quam
1166 4201 1309 4281 ipse
1352 4218 1475 4262 rex
1498 4194 1833 4280 Ungariae
1876 4194 2020 4281 ipso
2065 4196 2239 4262 facto
2283 4196 2589 4273 incurret,
2633 4195 2686 4260 si
2727 4202 2890 4259 trane·

568 4300 831 4365 grassor
873 4283 1055 4365 pacis
1098 4282 1408 4347 existeret
1450 4280 1559 4347 vel
1602 4280 1919 4347 turbator.
