3150 5017
1106 348 1583 413 -153-

403 518 616 570 Istarum
647 519 922 572 literarum
968 523 1284 574 auctoritate
1319 524 1485 572 utitur
1521 519 1747 572 Carolus
1781 523 1877 572 IV.
1926 523 2215 587 imperator
2232 559 2247 584 ‚
2298 537 2461 588 quum
2496 522 2555 572 in

232 583 480 650 diplomate
511 587 901 639 marchionatus
936 590 1215 642 Hor-aviae
1251 592 1394 654 quod
1430 591 1553 642 vn.
1590 590 1720 642 Idus
1756 591 1957 656 Aprilis
1982 590 2164 642 datum
2185 593 2319 644 1348
2338 598 2431 654 est,
2450 588 2557 642 aits

236 655 444 714 „Literae
475 657 578 706 divi
609 657 862 708 Richnrdi
897 658 1026 708 olim
1063 660 1425 710 Romanorum
1459 659 1623 724 regis,
1662 661 1752 724 qui
1788 661 2105 710 auctoritate
2139 675 2237 711 sua
2272 661 2411 710 sicut
2436 676 2557 725 pro-

231 729 422 774 testatur
451 726 504 775 in
554 726 736 789 literis,
784 743 966 792 regem
1014 727 1336 778 ottakar-um
1383 743 1640 794 proavum
1688 734 1947 792 nostrum,
1997 728 2125 778 dnm
2172 729 2347 779 adhuc
2388 731 2557 778 vitam

232 797 386 856 ageret
412 794 468 843 in
498 795 760 858 humanis,
795 797 861 848 de
895 799 1049 861 regni
1081 798 1338 848 Boemiae
1371 803 1424 846 et
1456 798 1859 848 marchionatus
1877 799 2151 848 Mor-aviae
2172 798 2559 863 principatibus

231 870 274 908 et
299 862 522 912 omnihus
556 865 727 914 fendis
763 865 832 915 ad
865 867 1051 916 eadem
1089 865 1453 930 spectantibus
1485 867 1793 918 investivi&
1828 867 2031 932 (Chytil
2068 867 2200 917 Cod.
2236 865 2385 930 Dipl.
2420 866 2559 915 Mor.

228 928 323 978 vll.
356 932 482 996 775),
516 933 654 983 unde
688 933 1005 998 colligamus
1043 941 1266 999 oportet,
1303 933 1558 985 Richardi
1594 933 1777 986 literas
1806 937 1863 984 in
1888 935 2153 986 tabulario
2171 934 2386 1001 publico
2405 933 2557 997 regni

229 998 474 1118 Βοὴεῖιὰἱαθ
505 1002 670 1052 fnisse
703 1009 1006 1054 asservatas
1040 1019 1215 1068 neque
1233 1009 1293 1054 ut
1313 1003 1528 1068 quidam
1561 1003 1801 1057 historici
1820 1003 2236 1067 affirmaverunt,
2256 1005 2559 1069 suppositas

229 1073 272 1116 et
297 1083 352 1116 su
411 1069 576 1120 iticias
610 1085 746 1121 esse.

396 1137 610 1204 Insuper
661 1139 888 1190 Carolus
933 1141 1030 1192 IV.
1076 1141 1262 1192 literas
1297 1139 1551 1192 Richardi
1598 1142 1739 1206 regis
1775 1141 1899 1191 ddo,
1932 1141 2257 1207 Aquisgrani
2292 1155 2437 1191 nona
2468 1140 2557 1190 die

229 1203 414 1268 Augusti
449 1210 577 1258 1262
609 1209 670 1258 in
704 1210 904 1274 optima
937 1211 1109 1260 forma
1138 1209 1276 1273 juris
1311 1209 1661 1272 confirmavit,
1698 1223 1789 1260 eas
1822 1210 1991 1260 literis
2026 1213 2139 1260 suis
2175 1211 2277 1260 ddo
2314 1212 2363 1260 ’1.
2399 1210 2554 1275 Apri-

233 1272 286 1321 lis
317 1277 434 1324 1348
465 1277 758 1339 inserendo,
796 1293 1018 1342 quarum
1055 1285 1363 1330 contextum
1401 1279 1614 1329 exhibet
1649 1279 1959 1330 Goldastius
2001 1280 2057 1330 in
2092 1279 2337 1344 Append.
2375 1279 2554 1328 Docu-

227 1347 482 1394 mentorum
515 1361 570 1396 n.
601 1347 862 1398 XXXIII.

361 1497 712 1566 Richardus
769 1498 900 1565 Dei
961 1501 1172 1584 gratia
1223 1499 1670 1568 Romanorum
1717 1523 1856 1583 rex,
1919 1523 2179 1586 semper
2226 1521 2305 1564 au
2354 1509 2559 1575 ustus,

227 1581 508 1648 universis
567 1585 812 1652 Christi
865 1597 931 1651 et
995 1588 1168 1652 sacri
1229 1588 1496 1672 imperii
1551 1589 1808 1652 romani
1869 1586 2192 1668 fidelibus,
2255 1609 2295 1650 a
2400 1608 2562 1672 quos

225 1680 561 1748 praesentes
624 1671 850 1738 literas
915 1673 1264 1758 pervenire
1335 1676 1683 1759 contigerit
1703 1723 1723 1756 ,
1788 1673 2035 1740 habere
2100 1675 2399 1738 notitiam
2466 1673 2563 1737 rei

224 1763 429 1834 gestae.

364 1839 518 1906 Cum
582 1843 823 1928 regalis
892 1845 1184 1928 dignitas
1251 1847 1599 1930 potestatis
1680 1845 2009 1932 quandam
2076 1844 2563 1931 quodammodo

224 1922 447 1992 divinae
487 1931 554 1993 in
597 1931 791 1996 terris
852 1933 1216 2016 majestatis
1262 1933 1617 2016 imaginem
1665 1940 2132 2017 repraesentet,
2194 1941 2260 1996 et
2318 1942 2562 2016 quanto

223 2011 341 2092 quis
380 2013 632 2082 divinae
680 2017 1005 2081 voluntati
1053 2019 1264 2102 magis
1309 2019 1633 2096 innititur,
1679 2026 1864 2080 tanto
1896 2016 2371 2102 copiosioribus
2416 2038 2562 2101 gra-

225 2097 330 2160 tiae
381 2121 528 2166 suae
596 2104 788 2167 donis
849 2112 917 2167 et
972 2102 1449 2187 insignioribus
1511 2103 1912 2168 illustratur:
1978 2103 2223 2167 decens
2288 2112 2353 2166 et
2410 2124 2562 2165 con·

219 2203 418 2264 gruum
459 2190 902 2270 aestimamuS,
948 2198 1019 2253 ut
1066 2190 1152 2253 ad
1197 2191 1633 2255 imitationem
1678 2189 1878 2270 illius,
1941 2191 2051 2275 qui
2101 2188 2405 2252 omnibus
2452 2187 2565 2252 dat

219 2276 270 2330 et
305 2270 452 2336 nulli
493 2276 918 2360 improperat,
964 2275 1063 2339 illi
1109 2285 1337 2341 nostra
1383 2275 1759 2360 benignitas
1804 2275 2154 2360 gratiosior
2216 2284 2411 2360 atque
2456 2273 2566 2339 be-

218 2355 441 2439 nignior
483 2383 746 2447 semper
786 2361 1074 2443 illuceat,
1121 2363 1235 2447 qui
1280 2371 1544 2432 nostrae
1591 2362 2007 2448 beneplacito
2022 2362 2383 2426 voluntatis
2410 2382 2561 2425 cum

219 2443 414 2526 majori
453 2445 850 2514 liberalitate
911 2457 978 2512 et
1037 2448 1507 2533 promtitudine
1583 2471 1653 2512 se
1722 2448 2104 2513 conformat.
2195 2447 2373 2512 Hinc
2443 2455 2566 2529 est,

220 2529 370 2610 quod
408 2554 554 2598 cum
595 2533 880 2600 illustris
925 2535 1284 2618 Ottogarus
1328 2534 1772 2600 Bohemorum
1820 2557 1961 2615 rex,
2022 2533 2268 2599 nullius
2323 2535 2569 2618 gratifi-

219 2617 457 2682 cationis
502 2621 906 2702 muneribus,
952 2620 1068 2685 sed
1112 2623 1418 2706 propriae
1465 2620 1791 2685 duntaxat
1835 2623 2099 2686 virtutis
2158 2629 2221 2684 et
2281 2620 2567 2684 liberali-

217 2701 344 2766 tatis
395 2707 706 2772 instinctu
751 2705 1091 2792 pellectus,
1158 2705 1517 2772 liberaliter
1575 2708 1660 2771 ad
1722 2710 1928 2772 nostri
1995 2707 2243 2771 cultum
2291 2705 2569 2770 dominii

218 2785 286 2848 sit
338 2810 682 2858 conversus
740 2805 804 2858 et
864 2794 1201 2877 promittat
1261 2792 1563 2877 legaliter
1608 2793 1919 2878 deinceps
1964 2803 2230 2857 nostrae
2276 2793 2567 2856 devotio-

217 2872 302 2936 nis
341 2875 664 2964 obsequiis
731 2887 798 2944 et
853 2879 1183 2943 mandatis
1229 2888 1611 2944 constanter
1655 2889 1721 2944 et
1762 2879 2047 2944 fideliter
2090 2877 2564 2942 adhaesurum:

217 2977 318 3022 nos
369 2962 576 3048 ipsum
642 2965 727 3028 ob
786 2965 911 3028 hoc
972 2964 1506 3050 condignioribus
1552 2965 1909 3030 honoribus
1957 2975 2021 3029 et
2065 2963 2569 3048 gratiosioribus

217 3041 522 3115 beneficiis
583 3055 896 3138 prosequi
964 3055 1320 3138 cupientes,
1390 3073 1584 3115 nosse
1652 3073 1775 3116 nos
1844 3051 2147 3116 volumus
2206 3051 2570 3126 universos,

221 3133 370 3212 quod
410 3137 692 3202 eundem
739 3159 955 3223 regem
1007 3139 1089 3202 de
1134 3137 1613 3224 principatibus
1660 3139 1847 3222 regni
1891 3137 2247 3200 Bohemiae
2294 3145 2362 3200 et
2403 3157 2572 3200 mar-

219 3215 536 3287 chionatus
579 3225 924 3288 Moraviae
969 3246 1047 3287 ac
1085 3223 1392 3288 omnibus
1460 3224 1693 3298 tendis,
1756 3224 1949 3287 dictis
2011 3220 2267 3286 duobus
2326 3223 2564 3308 princi-

215 3307 448 3385 patibus
491 3309 949 3385 attinentibus,
1011 3331 1176 3396 quos
1225 3317 1291 3374 et
1351 3331 1518 3395 quae
1579 3311 1799 3374 clarae
1856 3309 2207 3372 memoriae
2266 3317 2452 3393 pater
2510 3318 2576 3373 et

217 3395 638 3476 progenitores
687 3396 984 3481 ejusdem
1021 3399 1201 3482 juste
1262 3405 1328 3460 et
1384 3394 1867 3460 rationabiliter
1908 3395 1992 3458 ab
2053 3395 2329 3478 imperio
2389 3402 2573 3460 tenu-.

217 3487 402 3561 erunt,
457 3482 856 3548 authoritate
891 3483 1337 3567 praesentium
1389 3483 1801 3557 investimus,
1848 3482 2039 3566 eique
2085 3479 2292 3546 dictos
2335 3483 2576 3568 princi—

215 3570 384 3642 patus
425 3575 488 3631 et
531 3569 736 3634 feuda
781 3569 1169 3654 simpliciter
1213 3568 1607 3632 authoritate
1652 3569 1835 3652 regia
1879 3567 2361 3632 confirmamus.

491 3657 654 3744 quia
695 3676 828 3720 non
873 3653 1154 3720 multum
1205 3656 1454 3738 gratiae
1497 3662 1725 3718 tantae
1770 3654 2105 3739 potentiae
2151 3662 2219 3718 et
2263 3652 2577 3719 claritatis

587 3801 595 3807 ,
707 3745 772 3824 τε·
1058 3742 1070 3746 “
1165 3741 1456 3822 *endere,
1503 3761 1672 3825 quae
1718 3747 1975 3804 constat
2019 3741 2229 3805 claros
2275 3741 2576 3824 progeni-

652 3835 692 3848 ”
1205 3825 1375 3890 vibus
1437 3835 1502 3891 et
1562 3825 1864 3910 gloriosis
1924 3825 2179 3889 actibus
2240 3826 2577 3906 meruisse,

1213 3911 1426 3976 tionis
1485 3911 1754 3986 meritis,
1818 3909 2079 3996 plenius
2140 3920 2206 3977 et
2249 3912 2577 3997 insignius

1221 3998 1322 4082 egi
1370 4007 1434 4062 et
1477 3999 1614 4062 suis
1658 3998 1969 4082 legitimis
2030 3996 2402 4080 heredibus,
2462 4000 2575 4084 qui

1221 4084 1499 4149 eundum
1538 4085 1651 4168 jus
1698 4092 1765 4146 et
1809 4082 2355 4152 consuetudinem
2402 4087 2577 4152 sacri

1189 4180 1232 4235 ‚t
1273 4169 1610 4235 habebunt
1670 4167 2041 4251 succedere,
2070 4192 2215 4256 -pro
2275 4173 2467 4236 nobis
2513 4179 2579 4236 et

1183 4255 1595 4320 *Mdv-ibus
1654 4263 1719 4320 et
1775 4254 2042 4338 regibus
2108 4259 2577 4336 Romanorum,

1469 4353 1708 4411 [catum
1766 4343 1901 4410 vid.
1946 4343 2256 4412 Austriae
2300 4356 2367 4412 et
2412 4365 2577 4408 mar-
