3150 5017
1491 290 1760 361 —'60
1840 330 1933 347 -.

697 464 924 533 Sciant
963 476 1348 555 praesentes
1389 475 1490 535 et
1483 470 1777 557 posteri,
1836 468 2010 555 quod
2068 490 2221 535 cum
2264 466 2555 535 villicum
2598 476 2911 535 nostrum

517 552 783 619 Petrum
833 552 1028 621 fiires
1057 564 1122 623 et
1167 555 1459 623 latrones
1501 564 1572 623 et
1614 555 1729 622 alii
1774 555 2055 623 malefici
2112 554 2589 624 interfecissent
2643 557 2715 625 in
2762 555 2908 625 Go-

521 638 766 749 dingen
861 664 1058 730 super
1129 644 1350 729 regale
1409 644 1749 747 civileque
1822 645 1931 731 jus
1985 652 2317 727 nostrum,
2388 644 2913 711 convocavimus

518 729 700 796 viros
747 733 1060 801 honestos
1101 730 1540 799 Theutonicoe
1586 740 1651 798 et
1692 730 2057 862 locavimus
2101 733 2169 797 in
2216 730 2481 797 civitate
2524 738 2749 799 tiostm
2782 730 2911 797 tali

512 818 698 904 jum·
697 911 755 974 1.
801 908 900 975 Ut
939 905 1108 973 nulli
1137 904 1442 1011 ‘dominio
1487 906 1733 973 subditi
1775 914 2015 981 essent,
2058 926 2187 973 nee
2226 904 2347 971 ulli
2390 905 2733 989 servirent,
2768 905 2911 971 nisi

517 993 679 1060 mihi
722 1003 788 1061 et
828 993 983 1061 filiis
1027 994 1206 1061 meis.

691 1082 751 1150 2.
796 1083 964 1149 Item
1008 1080 1208 1148 talem
1252 1088 1643 1185 potestatem
1686 1082 1779 1146 eis
1801 1080 1999 1146 etiam
2024 1078 2435 1160 tradidimus,
2458 1077 2638 1166 quod
2668 1078 2912 1147 nullus

513 1168 722 1255 judex
765 1169 1218 1236 dominaretur
1261 1170 1378 1251 eis,
1421 1169 1552 1234 nisi
1594 1190 1797 1257 quem
1842 1168 1971 1254 ipsi
2015 1166 2381 1233 voluntarie
2426 1165 2769 1255 eligerent.

543 1286 551 1296 ·
693 1257 754 1325 3.
801 1253 892 1323 Et
934 1257 1102 1323 haec
1143 1258 1296 1343 jura
1337 1255 1679 1323 censualia
1718 1264 1911 1321 aunt:
1957 1254 2166 1320 XXX
2212 1253 2471 1321 denarii
2534 1253 2618 1321 de
2673 1256 2910 1338 laneo,

519 1342 606 1411 de
650 1341 918 1498 subeilde
963 1366 1195 1432 agrum
1241 1343 1529 1411 habente
1573 1342 1714 1409 XII
1776 1341 2050 1425 denarii,
2096 1341 2179 1408 de
2240 1341 2509 1412 subside
2568 1364 2731 1429 agro
2800 1363 2911 1409 ca-

517 1439 706 1499 rente

685 1519 751 1584 4.
795 1519 1190 1606 Quicunque
1233 1517 1615 1585 braxaverit
1656 1517 2064 1600 cerevisiam,
2094 1514 2235 1583 XII
2279 1516 2365 1583 de
2404 1514 2703 1605 qualibet
2746 1516 2907 1583 bra-

523 1606 814 1672 satione.

518 1717 526 1725 ·
689 1695 750 1759 5.
791 1693 876 1759 In
919 1693 1035 1759 lite
1077 1712 1230 1757 cum
1275 1688 1516 1778 aliquis
1557 1712 1629 1756 se
1674 1690 2093 1757 defendendo
2116 1691 2423 1777 affugerit
2444 1690 2530 1757 ad
2558 1693 2913 1779 propriam

515 1779 807 1931 dorium,
852 1780 926 1933 sil
951 1778 1238 1867 aliquem
1285 1777 1617 1863 occiderit,
1660 1787 1923 1845 tenetur
1960 1784 2261 1845 mortuus
2306 1777 2639 1866 (mortuis)
2682 1776 2905 1847 talem

515 1888 600 1932 cu
715 1888 780 1933 m
820 1882 898 1932 so
925 1886 1099 1935 vere.

629 1884 748 2022 p}-
793 1954 986 2021 Infra
1019 1963 1332 2021 rastam
1375 1974 1576 2021 unam
1622 1952 1846 2019 nullus
1890 1961 2271 2039 praesumat
2307 1953 2697 2019 cerevisiam
2746 1952 2906 2019 bra·

513 2056 695 2194 xafie,
741 2044 807 2109 et'
850 2044 904 2107 si
945 2043 1095 2131 quis
1139 2040 1679 2133 praesumpserit,
1738 2040 2159 2127 abjudicatus
2216 2050 2315 2108 est
2372 2039 2565 2107 benis
2624 2041 2769 2107 suis
2840 2048 2907 2105 et

519 2148 598 2195 eo
649 2149 688 2194 o
733 2148 878 2195 suo.

690 2218 752 2283 7.
797 2216 936 2281 Fur
980 2216 1122 2283 sive
1165 2216 1474 2284 falsarius
1519 2216 1576 2281 si
1620 2216 1933 2283 inventus
1976 2215 2193 2298 fuerit,
2238 2236 2373 2283 non
2418 2211 2583 2281 alias
2620 2215 2753 2281 nisi
2776 2214 2904 2281 ibi-

519 2303 666 2370 dem
713 2304 1086 2369 suffocetur.

519 2476 562 2543 d
655 2392 752 2457 8.
799 2388 889 2455 Et
933 2390 990 2455 si
1036 2390 1183 2478 quis
1228 2388 1516 2477 aliquem
1559 2388 2002 2511 interfecerit,
2052 2399 2251 2477 caput
2294 2412 2413 2479 pro
2470 2391 2687 2481 capite
2734 2410 2904 2477 pon-

563 2453 802 2545 eretur.

689 2566 751 2631 9.
797 2563 1192 2651 Quicunque
1277 2563 1669 2629 temerarius
1739 2564 2085 2631 intraverit
2153 2562 2419 2630 domum
2480 2564 2769 2645 alicuius
2834 2572 2903 2630 et

521 2650 817 2739 aliquem:
859 2649 1204 2737 occiderit,
1249 2649 1466 2718 solvat
1509 2652 1581 2715 in
1629 2649 1822 2718 domo
1868 2651 1967 2717 VI
2012 2649 2257 2719 solidos
2300 2660 2365 2717 et
2408 2660 2599 2719 extra
2640 2650 2763 2725 VI,

693 2740 794 2804 10.
837 2734 930 2803 Et
978 2738 1032 2803 si
1080 2698 1242 2804 velit
1286 2736 1754 2824 dampnificare
1800 2738 1886 2805 ali
1935 2760 2085 2805 uem
2128 2735 2470 2822 violenter,
2514 2737 2733 2806 solvat
2776 2740 2899 2805 ite-

519 2845 663 2890 rum
710 2824 811 2891 VI
853 2825 1099 2891 solidos
1143 2825 1212 2889 in
1258 2824 1454 2891 domo
1498 2834 1566 2891 et
1609 2833 1798 2891 extra
1838 2823 1955 2893 V.

694 2911 1062 3066 {11'5112221
1111 2934 1216 2977 am
1264 2910 1536 2995 dederit,
1585 2934 1785 2983 mauu
1830 2922 2070 2997 careat,
2113 2921 2227 2979 aut
2272 2914 2335 2980 V
2377 2912 2629 2981 talenta
2672 2913 2895 2981 solvat

514 3006 582 3066 et
651 3022 692 3063 u
742 3001 828 3066 ici

614 3001 644 3087 j
693 3088 794 3152 12
839 3086 1026 3152 Infra
1067 3086 1316 3153 miliare
1359 3085 1567 3169 faber,
1610 3094 1845 3169 textor,
1872 3086 2199 3170 caleifex,
2244 3097 2361 3153 aut
2402 3086 2752 3221 qualiscun
2760 3112 2891 3178 que

519 3172 758 3238 artifex
803 3196 936 3239 non
981 3182 1372 3261 compareat,
1421 3174 1548 3238 nisi
1594 3176 1664 3238 in
1708 3135 1936 3241 eadem
1982 3135 2273 3240 civitate.

693 3261 790 3325 13.
835 3259 1288 3327 Molendinum
1334 3260 1548 3325 solvat
1590 3259 1761 3326 VIII
1807 3260 2059 3329 modios
2104 3260 2409 3349 siliginis
2435 3270 2501 3398 et
2561 3262 2751 3351 (aut)
2777 3260 2889 3341 IV

514 3346 720 3416 tritici
763 3355 832 3415 et
869 3347 979 3413 III
1021 3347 1265 3418 solidos
1311 3346 1753 3419 denariorum.

692 3434 792 3499 14.
837 3433 911 3501 Si
953 3454 1088 3499 non
1134 3436 1380 3501 sufficit
1421 3434 1873 3503 molendinum
1918 3435 2194 3503 reddere
2239 3437 2403 3519 ista,
2451 3384 2637 3541 quae
2688 3459 2886 3527 prae·

515 3520 823 3608 diximus,
863 3520 1154 3610 pendeat
1194 3524 1266 3588 in
1311 3524 1528 3609 gratia
1568 3524 1837 3611 reginae
1880 3531 1947 3588 et
1991 3526 2061 3589 in
2104 3522 2381 3589 consilio
2426 3524 2692 3592 civium.
2758 3552 2765 3557 ·

689 3610 792 3679 15.
835 3609 1002 3677 Item
1047 3609 1501 3699 molendinum
1547 3608 1745 3679 debet
1784 3608 2031 3679 habere
2076 3610 2213 3679 XX
2251 3612 2488 3703 jugera
2528 3612 2671 3701 agri
2693 3610 2893 3707 etIII

515 3696 814 3765 subsides
860 3707 924 3765 et
967 3698 1380 3786 piscatorem.

684 3786 782 3851 16.
827 3786 1226 3853 Mercatores
1271 3785 1500 3851 domos
1540 3782 1863 3851 habentes
1900 3753 2161 3906 nullum
2184 3753 2565 3853 theloneum·
2579 3754 2872 3897 selvant,

515 3872 631 3939 sed
675 3873 746 3937 in
779 3874 1071 3939 transitu
1115 3893 1326 3961 aquae
1366 3869 1739 3947 dimidium.
1790 3898 1797 3907 ‘

687 3958 787 4025 17.
829 3958 1000 4025 Item
1043 3958 1182 4026 kle
1200 3958 1417 4041 tska,
1464 3959 1641 4025 sicca
1682 3957 1896 4047 ligna,
1926 3898 2131 4030 libere
2174 3958 2544 4049 herbasque
2560 3909 2885 4061 habeant

512 4054 802 4199 exeepltg.
834 4046 1516 4221 fflqgrqggffiugffl
1557 4132 1783 4208 vadat
1800 4133 2045 4204 libere
2040 4136 2124 4203 in
2163 4133 2403 4205 eadem
2444 4133 2653 4203 silva.
2698 4152 2715 4183 ·.

691 4219 792 4285 19.
831 4218 1116 4306 Insuper
1160 4219 1328 4289 nulli
1360 4220 1621 4323 judicie
1640 4220 2029 4309 suhjaoennt
2072 4244 2190 4310 pro
2236 4220 2379 4361 vita
2414 4230 2491 4292 et.
2522 4222 2739 4366 benit,
2772 4222 2885 4311 qui

511 4305 887 4390 meruerint,
929 4307 1056 4371 nisi
1098 4307 1169 4373 in
1214 4306 1446 4375 eadem
1488 4309 1777 4375 civitate.
2522 4346 2531 4377 :
