3150 5017
509 303 644 352 nra.
687 305 764 354 11.
1457 325 1548 338 —
1634 288 1763 356 328
1849 327 1938 341 —

508 458 802 527 lentibus
839 467 906 527 et
927 457 1492 528 consentientibus
1535 483 1671 528 non
1713 462 1993 530 infertur
2034 463 2297 532 in’uria.
2340 461 2625 557 Insuper
2667 487 2901 540 omnes

509 545 688 612 lanei
730 545 1008 633 regales,
1071 547 1486 614 dominorum
1547 548 1727 616 lanei
1771 561 1839 617 et
1880 573 2041 639 supe
2124 554 2365 622 uitates
2407 567 2677 624 nostrae
2720 569 2897 642 sunt,

510 632 854 720 solumque
918 633 1084 700 haec
1127 644 1350 721 partes
1417 644 1711 702 nostram
1770 647 2140 724 sequuntur
2204 638 2519 710 urburam
2536 695 2554 726 ‚
2624 646 2895 732 quando

507 722 718 808 ipsam
763 741 884 808 pro
929 729 1108 787 certa
1151 722 1470 808 pensione
1509 723 1861 790 vendimus
1903 725 2013 790 vel
2052 725 2369 794 locamus.

1525 1074 1698 1156 Gap.
1744 1070 1864 1137 nl.

501 1189 602 1258 De
626 1195 782 1280 jure
823 1201 1261 1260 montanorum
1321 1193 1688 1278 competenti
1723 1193 1795 1255 in
1837 1191 2288 1256 hereditatam
2331 1193 2748 1279 dominorum,
2818 1200 2895 1264 in

1085 1279 1308 1366 quibus
1347 1289 1583 1344 montes
1611 1278 1870 1364 fam-int
1911 1281 2294 1346 mensurati.

677 1423 738 1502 ξ.
789 1421 843 1484 1.
889 1418 1246 1486 Sciendum
1293 1425 1394 1483 est
1434 1437 1614 1499 vero,
1662 1415 2024 1502 quemlibet
2066 1426 2357 1484 montem
2401 1420 2471 1485 in
2500 1419 2895 1499 hereditate,

503 1505 572 1570 in
619 1527 748 1592 qua
791 1506 990 1572 fuerit
1033 1512 1472 1585 mensuratus,
1533 1506 1679 1568 sine
1738 1504 2094 1591 cujuslibet
2138 1505 2656 1576 contradictione
2701 1509 2895 1576 sede-

501 1593 628 1657 cim
675 1614 865 1658 areas
900 1595 1054 1679 jure
1097 1592 1417 1656 montium
1461 1591 1779 1672 obtinere,
1826 1599 1893 1656 et
1934 1599 2189 1658 tantum
2254 1595 2450 1680 spatii
2513 1617 2633 1682 pro
2691 1617 2895 1682 peco-

499 1678 686 1744 ribus
728 1681 1020 1766 ipsorum
1065 1678 1433 1765 pascendis,
1481 1687 1798 1764 quantum
1844 1699 2019 1744 unus
2061 1677 2255 1744 homo
2300 1701 2449 1745 cum
2498 1703 2655 1748 arcu
2684 1682 2899 1749 semel

498 1766 739 1851 poterit
782 1768 1113 1852 sagittare.
1205 1769 1266 1848 ξ.
1313 1765 1375 1831 2.
1420 1764 1703 1850 Insuper
1764 1763 1845 1830 de
1890 1764 2267 1831 nemoribus
2328 1789 2409 1832 ac
2468 1767 2654 1835 silvis
2714 1771 2895 1857 ejus-

497 1851 648 1917 dem
717 1851 1118 1934 hereditatis,
1179 1852 1247 1917 in
1309 1873 1440 1938 qua
1497 1872 1688 1916 mons
1748 1859 2185 1934 mensuratur,
2244 1854 2467 1918 omnia
2526 1854 2647 1920 illa
2702 1855 2749 1920 li
2804 1879 2896 1922 na

499 1940 703 2024 gratis
749 1940 1045 2006 montani
1088 1939 1430 2025 recipiant,
1489 1959 1661 2024 quae
1720 1947 2039 2024 quantum
2084 1939 2153 2004 in
2198 1940 2703 2025 argentifodinis
2776 1965 2895 2009 ue-

498 2029 633 2090 rint
697 2045 784 2113 op
831 2036 1082 2091 ortuna.
1174 2031 1232 2108 ξ.
1279 2026 1340 2091 3.
1385 2024 1550 2090 Item
1613 2045 1737 2090 nec
1800 2025 1881 2090 de
1927 2024 2327 2092 conflatoriis
2390 2027 2529 2093 sive
2587 2030 2772 2114 gazis
2818 2031 2893 2096 in

497 2113 730 2178 eadem
785 2049 1154 2179 {nereditate
1214 2111 1506 2177 fundatis
1565 2110 1653 2176 ad
1710 2110 1918 2176 ullum
1966 2117 2233 2177 cens‘um
2294 2112 2377 2178 ab
2438 2114 2664 2202 aliquo
2710 2137 2892 2182 com-

542 2199 870 2284 ellantur3
932 2220 1086 2266 nam
1132 2200 1295 2264 haec
1359 2199 1821 2284 praerogativa
1862 2198 2103 2263 dicitur
2146 2208 2627 2268 montanorum.
2718 2203 2774 2287 ὅ.
2823 2203 2887 2270 4.

494 2222 634 2352 ¹§ed
694 2309 730 2352 e
793 2307 1112 2352 converso
1173 2285 1587 2352 dominorum
1642 2286 1755 2372 jus
1815 2294 1913 2350 est
1972 2287 2261 2372 recipere
2320 2289 2579 2353 tertiam
2627 2298 2889 2374 partem

499 2371 681 2437 illius
741 2381 1014 2438 octavae
1075 2374 1316 2460 partis,
1391 2393 1560 2459 quae
1619 2371 1867 2437 urbnra
1924 2373 2321 2448 nominatur,
2388 2383 2457 2441 et
2518 2376 2591 2440 in
2656 2385 2885 2442 monte

495 2468 875 2525 mensurato
933 2481 1130 2525 unam
1193 2461 1589 2526 tricesimam
1658 2458 2015 2524 secundam
2082 2468 2356 2546 partem,
2424 2481 2592 2546 quae
2638 2462 2887 2529 dicitur

493 2568 650 2632 pars
695 2567 1038 2633 agrorum3
1083 2555 1156 2611 ut
1198 2548 1296 2612 sic
1339 2546 1452 2631 qui
1495 2546 1566 2610 in
1626 2565 1759 2610 uno
1819 2555 2154 2631 gravatur,
2210 2547 2281 2612 in
2340 2545 2471 2614 alio
2528 2548 2883 2618 relevetur.

657 2814 719 2892 §-
743 2809 805 2876 5.
853 2805 1092 2896 Sicque
1117 2807 1420 2873 omnibus
1445 2807 1532 2873 ad
1553 2808 1907 2873 utilitatem
1922 2817 2099 2873 recte
2118 2807 2454 2893 dispositis
2498 2809 2867 2876 secundum

495 2915 724 2962 verum
793 2905 1253 2962 montanorum
1315 2895 1611 2960 ordinem
1674 2903 1740 2960 et
1806 2894 2139 2977 discretis,
2197 2894 2339 2980 jam
2404 2895 2879 2982 incipientibus

489 2984 825 3048 montanis
871 2982 954 3048 de
999 3003 1115 3048 suo
1162 2980 1388 3047 labore
1431 2981 1717 3047 fructum
1748 2980 2054 3067 colligere
2090 2989 2525 3069 peroptatum,
2571 2981 2879 3070 frequen·-

485 3071 614 3134 tius
660 3077 878 3136 tamen
924 3067 1104 3134 hunc
1144 3069 1427 3134 fructum
1455 3069 1799 3134 consuevit
1842 3089 2015 3156 aqua
2040 3068 2389 3155 prosiliens
2426 3069 2509 3134 de
2538 3069 2877 3136 montibus

483 3154 833 3241 impedire;
879 3155 1158 3243 ideoque
1185 3155 1428 3221 multae
1451 3153 1845 3220 subtilitates
1870 3156 1954 3220 ad
1981 3154 2151 3220 hanc
2176 3154 2603 3221 coercendam
2628 3177 2876 3243 aquam

485 3263 526 3307 a
549 3242 887 3308 veteribus
911 3243 1219 3309 inventae
1259 3251 1428 3317 sunt,
1477 3263 1646 3328 quae
1670 3242 1963 3328 quotidie
2010 3263 2127 3328 per
2168 3242 2519 3308 modernos
2562 3241 2875 3309 subtilius

483 3329 936 3411 emendantur,
1015 3329 1190 3394 unde
1250 3327 1722 3407 laudabiliores
1780 3329 1851 3393 in
1910 3347 1989 3394 eo
2048 3327 2381 3394 veteribus
2437 3331 2873 3398 inveniuntur

481 3417 801 3497 moderni,
876 3417 1032 3503 quia
1089 3415 1335 3481 factum
1397 3415 1728 3481 subtiliter
1790 3414 2153 3481 emendans
2211 3416 2423 3501 primo
2482 3423 2583 3482 est
2638 3413 2871 3484 lauda·

481 3501 676 3567 bilior
717 3504 1082 3568 inventore.
1159 3503 1363 3568 Fiunt
1407 3504 1581 3568 enim
1628 3503 1697 3567 in
1743 3500 2191 3588 profunditate
2233 3501 2871 3586 argentifodinarum

478 3585 693 3654 fossae
712 3636 729 3669 ,
790 3610 960 3676 quae
1017 3587 1380 3675 vulgariter
1437 3610 1611 3654 sum
1631 3611 1673 3676 p
1734 3599 2087 3670 vocantur,
2145 3588 2255 3654 vel
2313 3589 2655 3674 congeries
2716 3611 2871 3656 cum

479 3674 838 3761 cespitibus
896 3684 1232 3763 tamquam
1302 3677 1607 3762 parietes,
1665 3697 1835 3762 quae
1893 3675 2257 3760 vulgariter
2314 3674 2539 3740 tham
2599 3673 2865 3759 dicitur,

437 3771 550 3827 ·ut
606 3761 852 3828 ibidem
929 3783 1100 3849 aqua
1164 3763 1236 3827 in
1295 3783 1500 3828 unum
1577 3762 1792 3828 locum
1853 3763 2187 3848 profluens
2246 3769 2707 3848 congregetur,
2774 3784 2865 3830 ex

475 3848 708 3915 eodem
752 3848 896 3914 loco
955 3870 1106 3914 cum
1165 3849 1328 3915 rotis
1371 3849 1650 3936 aliisque
1709 3848 2021 3916 studiosis
2078 3849 2537 3916 instrumentis
2596 3849 2866 3917 assidue

471 3935 898 4018 extrahenda,
944 3957 1029 4001 ne
1075 3957 1194 4002 suo
1239 3934 1508 4002 defluxu
1552 3936 1775 4000 vicina
1797 3935 2137 4022 demergat
2166 3942 2501 4019 montana,
2546 3935 2863 4024 quodque

469 4022 562 4088 ibi
608 4021 986 4088 laborantes
1031 4047 1070 4089 a
1118 4044 1204 4089 ua
1247 4024 1344 4088 sic
1386 4030 1641 4089 retenta
1700 4023 1841 4088 sine
1886 4022 2358 4110 impedimento
2402 4024 2471 4086 in
2516 4023 2695 4088 sicco
2740 4044 2859 4090 va-

467 4107 650 4176 leant
694 4109 1010 4177 laborare.
1153 4117 1599 4176 onsueverunt
1640 4111 1841 4176 etiam
1888 4118 2117 4176 contra
2162 4111 2480 4195 impetum
2525 4129 2739 4196 aquae
2782 4109 2859 4174 in

468 4196 972 4282 argentifodinis
1015 4196 1300 4284 relinqui
1322 4196 1690 4281 interstitia,
1736 4206 2070 4284 tamquam
2116 4197 2319 4262 fortes
2364 4196 2633 4283 pariete,
2678 4217 2887 4282 quae,

467 4285 829 4374 vulgariter
902 4284 1114 4351 stris
1120 4283 1154 4346 f
1211 4292 1567 4366 vocantur,
1633 4304 1803 4370 quae
1862 4284 2307 4372 praecipimus
2392 4280 2517 4347 sub
2578 4281 2861 4354 obtenta
