3150 5017
1166 346 1641 409 -147—

396 518 569 583 Licet
612 514 795 581 illius
838 516 1106 581 favente
1152 516 1517 597 clementia,
1564 538 1683 603 per
1730 537 1925 601 quem
1971 536 2158 601 reges
2203 526 2484 601 regnant
2529 524 2594 582 et

251 604 543 690 principes
587 605 936 689 imperant,
982 602 1069 666 ad
1113 603 1238 668 boc
1282 603 1523 667 terreni
1568 605 1980 688 principatus
2027 606 2434 689 suscepimus
2456 626 2591 668 mo-

252 690 545 770 deramen,
593 696 667 753 ut
710 710 797 753 ex
841 698 1102 753 nostrae
1150 691 1518 754 serenitatis
1588 690 1805 754 officio
1866 687 2225 755 debeamus
2274 692 2586 754 universa

249 780 338 863 pia
389 784 447 840 et
503 774 817 859 religiosa
877 775 1045 855 loca,
1094 774 1219 839 sub
1278 784 1502 841 nostro
1565 774 1856 839 dominio
1903 778 2277 857 constituta,
2323 785 2590 841 nostrae

250 862 637 947 protectionis
686 862 960 926 dextera
1007 860 1352 929 defensare
1397 884 1476 926 ac
1523 884 1748 926 eorum
1787 863 1944 946 jura
1989 870 2053 925 et
2100 861 2461 943 libertates,
2507 884 2591 926 ne

249 972 280 1013 a
329 947 832 1033 malignantibus
892 946 1359 1032 infringantur,
1422 970 1583 1012 cura
1628 948 1935 1034 pervigili
1983 970 2412 1015 conservare:
2459 947 2593 1012 illis

248 1044 431 1098 tamen
489 1033 808 1115 ecclesiis,
870 1055 1032 1118 quas
1099 1038 1588 1120 progenitorum
1637 1044 2008 1099 nostrorum
2054 1038 2310 1100 sincera
2355 1033 2594 1099 funda·

247 1123 323 1185 vit
360 1120 632 1201 devotiO,
682 1141 906 1185 sumus
952 1129 1019 1185 et
1063 1142 1205 1185 esse
1251 1123 1557 1187 volumus
1605 1120 1907 1206 specialis
1967 1119 2438 1187 beneficentiae
2486 1120 2594 1185 de-

248 1207 454 1272 bitores
478 1253 498 1288 ‚
592 1208 908 1293 quatinus
975 1208 1269 1293 ipsarum
1336 1208 1710 1273 libertatem
1791 1206 2150 1273 liberaliter
2215 1206 2593 1293 ampliando

246 1292 723 1379 ampliatamque
791 1296 1268 1375 conservando,
1330 1303 1481 1381 post
1547 1294 2204 1359 amministrationem
2293 1303 2594 1361 terrenae

247 1380 549 1465 dignitatis
594 1378 843 1443 ascribi
886 1401 1157 1445 numero
1204 1402 1638 1467 supernorum
1687 1380 1928 1444 civium
1975 1402 2360 1446 mereamur.

383 1466 702 1530 Noverint
744 1466 948 1550 igitur
989 1468 1282 1531 universi
1326 1477 1459 1530 tam
1508 1466 1807 1531 moderni
1867 1468 2180 1551 temporis
2241 1489 2437 1553 quam
2493 1467 2592 1529 fu-

246 1553 347 1615 turi
386 1551 629 1619 Christi
673 1552 925 1634 fideles,
972 1552 1149 1640 quod
1194 1576 1315 1618 nos
1362 1551 1638 1619 consilio
1683 1553 1951 1638 pietatis
1994 1552 2265 1637 inducti,
2327 1576 2448 1640 pro
2491 1574 2590 1617 re·

246 1638 425 1703 medio
484 1639 853 1703 animarum
922 1652 1264 1723 parentum
1332 1648 1707 1705 nostrorum
1775 1660 1853 1701 ac
1920 1647 2203 1720 nostrae,
2273 1639 2588 1705 ecclesiae

244 1724 753 1790 Luthomisslensi
796 1746 921 1789 nec
964 1747 1096 1789 non
1142 1736 1208 1790 et
1253 1725 1479 1791 abbati
1525 1734 1592 1789 et
1635 1724 1974 1799 fratribus,
2026 1724 2274 1790 ibidem
2321 1727 2468 1791 Deo
2516 1734 2582 1789 et

244 1809 439 1961 begtize
498 1812 755 1875 Mariae
820 1811 1339 1894 famulantibus,
1429 1812 1630 1877 talem
1700 1810 2124 1875 concedimus
2191 1812 2586 1892 libertatem,

244 1899 293 1959 vi
331 1920 364 1961 e
388 1898 547 1961 icet:

387 2008 436 2065 l.
482 1999 681 2079 Quod
726 2000 959 2065 civitas
1003 2002 1315 2087 ipsorum,
1363 2022 1531 2087 quae
1575 1998 1940 2064 Luthomisl
1987 1999 2245 2079 dicitur,
2307 2021 2476 2086 quae
2522 2010 2587 2065 et

243 2086 343 2169 ipsi
382 2086 697 2151 ecclesiae
741 2086 1020 2172 adjacet,
1078 2087 1227 2171 jure
1273 2088 1417 2163 fori,
1469 2088 1625 2172 jure
1671 2086 1873 2166 civili,
1938 2086 2082 2171 jure
2119 2085 2358 2171 judicii
2418 2096 2592 2150 cete-

243 2174 427 2256 risque
476 2172 744 2257 juribus
804 2195 882 2237 ac
943 2173 1357 2239 libertatibus
1417 2172 1727 2257 gaudeat,
1798 2170 2038 2257 quibus
2083 2172 2316 2236 civitas
2361 2181 2587 2236 nostra

244 2258 423 2323 Grecz
480 2268 548 2321 et
608 2258 775 2323 aliae
831 2260 1129 2325 civitates
1190 2269 1455 2325 nostrae
1508 2281 1629 2344 per
1687 2279 1966 2343 regnum
2028 2257 2388 2324 Bohemiae
2434 2266 2590 2323 sunt

243 2353 577 2409 contentae.

386 2448 439 2511 2.
484 2448 575 2512 Et
620 2447 795 2533 quod
841 2448 1141 2513 homines
1187 2447 1399 2513 dictae
1446 2449 1741 2514 civitatis
1803 2457 1868 2513 et
1911 2448 2156 2533 ubique
2213 2471 2333 2535 per
2391 2446 2592 2512 abba-

244 2533 376 2595 tiam
416 2534 751 2597 constituti
797 2533 1043 2599 nullius
1088 2538 1287 2599 castri
1333 2534 1795 2620 nullorumque
1851 2534 2148 2619 judicum
2196 2535 2302 2611 vel
2349 2536 2592 2599 officia-

246 2617 379 2683 lium
420 2641 532 2684 seu
579 2619 1146 2685 beneficiariorum
1192 2630 1407 2685 astent
1443 2621 1720 2706 judicie,
1765 2620 1884 2687 sed
1927 2621 2183 2706 Pragae
2227 2643 2446 2686 coram
2472 2642 2585 2685 no-

246 2704 329 2769 bis
371 2705 469 2771 vel
512 2714 738 2775 nostro
783 2708 1031 2771 vicario
1068 2707 1469 2793 judicentur.

393 2815 446 2875 3.
488 2810 579 2873 Et
637 2811 771 2873 sint
831 2808 1020 2874 liberi
1082 2818 1147 2874 et
1206 2812 1497 2896 exempti
1542 2810 1627 2891 ab
1675 2814 1853 2875 omni
1887 2813 2054 2896 jugo
2100 2811 2431 2875 servitutis
2477 2830 2592 2873 seu

244 2896 575 2959 exactionis
622 2903 689 2960 et
730 2898 1155 2980 gravaminis,
1199 2907 1331 2961 tam
1380 2897 1465 2962 ab
1511 2896 1614 2961 his
1659 2919 1830 2983 quae
1874 2898 2239 2979 vulgariter
2283 2896 2594 2959 dicuntur

248 2983 489 3044 narok
538 3004 652 3046 seu
700 2982 996 3059 swode,
1042 3005 1239 3067 quam
1286 2982 1370 3048 ab
1416 2983 1545 3047 hiis
1591 3006 1760 3069 quae
1808 2992 2131 3047 vocantur
2173 3003 2430 3046 narez
2475 2989 2592 3044 aut

246 3066 514 3131 nozleh
560 3077 626 3132 et
672 3090 712 3131 a
756 3068 1005 3133 retibus
1053 3068 1138 3132 ad
1180 3071 1596 3135 venationem
1626 3068 1948 3133 ducendis
1995 3078 2059 3133 et
2105 3090 2144 3131 a
2187 3066 2588 3131 victualibus

246 3152 489 3217 canibus
534 3154 771 3219 dandis
816 3176 893 3218 ac
936 3156 1229 3239 ipsorum
1275 3156 1677 3235 custodibus,
1725 3158 1836 3239 qui
1904 3154 2178 3218 holoti
2240 3161 2592 3235 vocantur3

246 3238 313 3301 ab
354 3261 423 3303 eo
468 3242 661 3305 etiam
710 3240 887 3327 quod
932 3242 1173 3306 dicitur
1218 3263 1476 3327 ozzep
1538 3251 1736 3327 atque
1782 3240 1866 3303 ab
1915 3262 2032 3305 sex
2079 3240 2367 3303 denariis
2413 3237 2594 3324 quod

246 3322 456 3473 {figitur
512 3335 822 3403 somne,
886 3329 997 3413 qui
1066 3328 1209 3392 dari
1278 3328 1525 3393 debent
1595 3328 1902 3412 magistro
1949 3327 2328 3391 venatoriae
2377 3325 2590 3409 digni-

268 3432 301 3473 a
329 3434 397 3474 is.

394 3520 448 3577 4.
494 3514 854 3579 Statuimus
900 3518 1117 3599 etiam,
1164 3539 1247 3581 ne
1292 3518 1593 3582 homines
1639 3525 2038 3581 memoratae
2085 3514 2398 3579 ecclesiae
2443 3536 2590 3599 gra-

248 3609 453 3663 ventur
506 3602 571 3666 in
616 3602 763 3684 hoc,
823 3603 1087 3687 quando
1134 3604 1372 3689 aliquis
1419 3607 1673 3669 occisus
1721 3624 1837 3668 seu
1883 3600 2328 3686 strangulatus
2373 3600 2590 3680 fuerit,

249 3684 398 3768 quod
462 3698 755 3753 materna
822 3688 1051 3773 lingua
1112 3690 1379 3755 hlaua
1444 3700 1902 3775 nuncupatur,
1965 3690 2104 3752 sive
2167 3687 2586 3751 seinvicem

249 3770 525 3837 seditiose
576 3774 1096 3856 vulneraverint,
1157 3778 1298 3841 sive
1364 3799 1404 3840 a
1466 3776 1836 3841 latronibus
1898 3774 2353 3855 vulnerentur,
2416 3771 2592 3859 quod

250 3856 460 3922 dicitur
500 3860 831 3943 rannik,
877 3862 1066 3927 liberi
1115 3865 1248 3927 sint
1295 3873 1357 3927 et
1403 3863 1705 3944 absoluti,
1775 3861 2002 3926 abbati
2047 3870 2268 3924 tamen
2331 3861 2413 3924 de
2459 3858 2591 3922 cul-

249 3943 337 4025 pis
375 3944 735 4032 hujusmodi
778 3949 1174 4034 responsuri.

401 4054 453 4112 5.
512 4048 579 4113 Si
636 4072 795 4115 vero
857 4051 1093 4137 aliquis
1154 4051 1493 4116 hominum
1556 4052 1769 4117 dictae
1831 4050 2118 4115 civitatis
2164 4058 2231 4115 et
2275 4047 2593 4113 ecclesiae

251 4151 575 4215 suspensus
639 4136 837 4201 fuerit
904 4139 1011 4202 vel
1080 4138 1602 4223 suspendendus,
1674 4136 1850 4223 quod
1925 4136 2275 4201 wiselec
2348 4133 2591 4198 dicitur

250 4214 534 4301 boemico,
574 4223 755 4307 ipsos
799 4226 1061 4309 penitus
1110 4224 1525 4290 decernimus
1573 4224 1931 4304 absolutos,
2001 4222 2272 4287 arbitrio
2334 4219 2592 4285 abbatis

254 4302 641 4373 nihilominus
701 4308 1171 4395 relinquentes,
1233 4321 1305 4376 ut
1372 4334 1489 4397 pro
1550 4311 1680 4375 hiis
1742 4320 1806 4375 et
1851 4310 1996 4375 aliis
2043 4308 2254 4431 culpis
2298 4306 2593 4371 homines
