3150 5017
1156 275 1632 342 —173—

250 451 564 514 universos
607 447 993 512 intentionis
1037 467 1195 511 suae
1238 446 1596 512 extendere
1639 444 1850 511 soleat
1890 447 2314 528 incrementa,
2355 456 2580 516 tamen

247 559 309 600 eo
354 533 645 620 ampliori
692 535 1069 599 sinceritate
1114 535 1286 597 inter
1330 555 1441 598 eos
1489 532 1766 597 eandem
1815 533 2001 597 decet
2037 554 2180 597 esse
2199 533 2584 618 radicatam,

240 644 377 708 quos
421 619 797 704 multiplicis
842 620 1229 684 attinentiae
1274 621 1431 683 unio
1481 618 1756 705 copulat
1801 629 1866 682 et
1909 621 2256 684 connectit.

382 707 659 770 Proinde
682 707 986 770 noverint
1006 706 1317 783 universi,
1342 705 1517 790 quod
1540 713 1688 790 post
1710 707 1908 788 longa
1931 726 2316 788 guerrarum
2343 705 2572 771 discri-

239 793 413 871 mina,
458 812 626 877 quae
671 794 849 856 inter
892 791 1226 856 dominum
1276 789 1685 878 Stephanum
1745 811 1963 874 regem
2023 788 2358 876 Ungariae
2425 791 2581 856 illu-

244 889 435 958 strem,
458 877 855 959 Dalmatiae,
900 877 1223 953 croatiae,
1268 877 1535 958 Ramae,
1587 877 1876 950 Serviae,
1927 875 2580 957 Galiciae,Lodome·

239 967 370 1045 riae,
414 962 775 1029 Cumaniae
822 971 886 1027 et
928 961 1302 1048 Bulgariae,
1348 962 1582 1028 ducem
1650 965 1849 1026 totius
1895 960 2326 1043 sclavoniae,
2382 965 2580 1028 caris·

237 1053 437 1115 simum
486 1058 838 1134 cognatum
882 1059 1195 1130 nostrum,
1243 1069 1327 1113 ex
1370 1071 1505 1113 una
1548 1055 1752 1134 parte,
1799 1058 1863 1114 et
1906 1047 2044 1112 Nos
2088 1069 2172 1113 ex
2209 1048 2414 1114 altera
2437 1071 2576 1115 sus-

236 1139 407 1200 citata
448 1133 732 1216 fuerant,
780 1145 1160 1219 suggerente
1206 1133 1475 1199 humani
1520 1136 1780 1219 generis
1825 1135 2114 1215 inimico,
2139 1157 2284 1200 cum
2316 1157 2434 1198 nos
2461 1158 2578 1222 pro

236 1223 465 1286 votivae
508 1224 694 1308 pacis
741 1223 1023 1304 puritate
1068 1219 1487 1286 reformanda
1531 1221 1804 1285 dilectos
1858 1219 2088 1284 fideles
2150 1230 2428 1300 nostros,
2488 1221 2575 1286 D.

237 1310 587 1373 Brunonem
631 1305 1075 1372 venerabilem
1124 1307 1497 1392 episcopum
1522 1306 2055 1389 olomucensem,
2080 1306 2348 1372 fratrem
2377 1307 2580 1372 Hart-

274 1416 476 1458 ernum
558 1395 927 1458 ministrum
989 1393 1239 1458 ordinis
1306 1392 1582 1457 fratrum
1649 1392 1979 1457 Minox-um
2085 1414 2159 1458 er
2225 1393 2580 1476 Austriam‚

236 1417 583 1544 hartlibum
643 1480 1089 1554 camerarium,
1155 1477 1662 1543 Bohuschonem
1730 1476 2030 1543 marscha
2057 1500 2226 1559 cum,
2282 1478 2582 1544 Nezami-

236 1565 453 1630 slonem
570 1567 904 1630 incernam
944 1566 1299 1645 Moraviae‚
1343 1562 1646 1630 barones·
1669 1565 1859 1650 regni
1899 1566 2128 1645 nostri,
2159 1565 2582 1642 misissemus,

238 1653 365 1716 dato
408 1652 501 1716 eis
552 1674 653 1716 em
700 1650 918 1738 pleno,
966 1651 1317 1715 sufficienti
1364 1659 1428 1716 et
1487 1649 1685 1736 legali
1747 1648 2077 1731 mandato,
2138 1659 2210 1715 ut
2277 1653 2582 1715 conveni-

236 1745 393 1802 entes
448 1759 597 1802 cum
656 1736 965 1825 praelatis
1026 1745 1091 1802 et
1147 1735 1508 1801 baronibus
1560 1738 1750 1820 regni
1809 1736 2163 1822 Ungarim,
2229 1736 2314 1801 D.
2373 1736 2582 1801 Paulo

236 1823 566 1888 venerabili
627 1825 934 1909 episcopo
998 1822 1507 1908 Vesprimiensi‚
1564 1821 1809 1907 Egidio
1869 1843 2124 1886 summo
2205 1824 2582 1902 camerario,

237 1909 509 1974 Rolando
554 1908 728 1974 bano
774 1919 839 1974 et
884 1909 970 1974 M.
1016 1909 1375 1974 Benedicto
1435 1909 1808 1995 praeposito
1867 1907 2220 1974 Oradiensi
2279 1911 2583 1974 vicecan-

236 1995 494 2076 cellario‚
520 2015 561 2059 a
584 1996 919 2080 praedicto
965 2016 1117 2079 rege
1162 1994 1497 2079 Ungariae
1543 1994 1844 2058 similiter
1881 2015 2028 2057 cum
2053 1992 2246 2079 pleno
2271 1994 2580 2058 mandato

238 2080 565 2154 destinatis,
612 2090 929 2161 tractare,
975 2081 1283 2146 ordinare
1329 2090 1395 2144 et
1440 2080 1726 2145 diffinire
1771 2089 2042 2164 possent
2089 2081 2308 2144 omnia
2352 2080 2438 2144 ad
2484 2101 2584 2144 re-

238 2167 663 2232 formationem
714 2170 895 2254 pacis
939 2166 1268 2246 facientia,
1328 2187 1498 2252 quae
1559 2189 1680 2231 nos
1739 2167 1884 2251 ipsi,
1944 2167 1998 2229 si
2061 2164 2584 2252 praesentialiter

238 2274 363 2316 cum
402 2255 547 2338 ipso
589 2275 745 2339 rege
789 2252 1120 2338 Ungariae
1167 2252 1727 2332 convenissemus,
1797 2250 2100 2316 ordinare
2161 2261 2227 2316 et
2293 2251 2584 2316 diffinire

236 2359 565 2488 pozsemus,
610 2361 729 2424 pro
772 2340 982 2404 nostri
1026 2340 1245 2424 quiete
1290 2340 1492 2403 animi
1536 2347 1606 2402 et
1661 2346 2030 2402 nostrorum
2101 2337 2580 2423 tranquillitate

242 2445 303 2488 su
352 2426 695 2491 ‘ectorumz

338 2448 588 2576 JIidem
614 2511 893 2576 barones
936 2512 1161 2591 nostri,
1208 2509 1626 2576 considentes
1687 2533 1833 2574 cum
1895 2509 2252 2595 praedictis
2318 2507 2580 2574 baroni-

238 2594 346 2660 bus
383 2599 563 2682 regni
608 2597 963 2682 Ungariae‚
1015 2597 1493 2663 ordinaverunt
1536 2605 1604 2662 et
1647 2604 2146 2684 assumpserunt
2181 2602 2374 2675 juxta
2399 2617 2580 2660 man·

242 2678 359 2747 dati
396 2682 620 2748 traditi
665 2685 792 2748 sibi
836 2683 1111 2748 formam
1137 2707 1157 2748 ε

1391 2873 1444 2938 Ι.

384 3025 476 3092 Ut
518 3025 604 3092 de
647 3035 865 3094 cetero
908 3036 1227 3115 perpetua
1291 3048 1427 3114 pax
1470 3029 1644 3092 inter
1685 3047 1906 3112 regem
1954 3027 2289 3112 Ungariae
2333 3048 2413 3091 ac
2460 3047 2584 3093 nos

240 3111 451 3178 debeat
493 3113 864 3196 observari3
912 3134 1037 3178 nec
1082 3115 1296 3178 eidem
1341 3114 1480 3199 regi
1527 3113 1636 3178 vel
1683 3118 1820 3178 suis
1864 3113 2272 3178 turbationes
2319 3117 2429 3178 vel
2451 3134 2581 3178 mo·

241 3197 439 3264 lestias
481 3198 860 3280 inferemus,
904 3198 1012 3265 vel
1057 3198 1284 3264 inferri
1331 3220 1450 3285 per
1492 3206 1750 3264 nostros
1795 3207 2193 3284 pateremur.

398 3283 823 3350 Includentes
912 3285 1157 3350 eisdem
1224 3287 1371 3372 paci
1450 3295 1516 3349 et
1611 3286 1840 3349 eadem
1898 3284 2220 3349 vallentes
2307 3293 2586 3368 regnum

243 3381 512 3436 nostrum
590 3371 943 3452 Boemiae,
1029 3383 1367 3457 terrasque
1451 3379 1710 3436 nostras
1794 3371 2129 3434 Austriam
2153 3418 2172 3452 ,
2261 3368 2582 3453 Styriam,

242 3456 643 3539 Garinthiam,
688 3457 1075 3538 Moraviam‚
1122 3455 1495 3523 Oarniolam
1517 3504 1536 3538 ,
1581 3454 1967 3538 Marchiam,
2011 3456 2259 3542 Egi-am
2321 3466 2387 3522 et
2429 3457 2586 3522 Por·

238 3551 356 3606 tum
400 3543 647 3609 Naonis
696 3565 843 3607 cum
890 3543 1195 3608 omnibus
1220 3545 1559 3608 attinentis
1582 3541 1960 3625 eorundem,
1989 3541 2348 3608 secundum
2376 3544 2586 3628 signa,

243 3627 668 3694 distinctiones
714 3638 780 3695 et
822 3639 1030 3694 metas
1074 3631 1377 3714 antiquas
1422 3637 1618 3715 prout
1661 3631 1859 3693 etiam
1909 3629 2353 3714 progenitores
2376 3628 2586 3692 nostri

241 3735 405 3799 reges
444 3715 753 3780 Boemiae
800 3723 868 3780 et
910 3715 1316 3780 marchiones
1360 3715 1700 3779 Moraviae
1726 3762 1742 3794 ,
1786 3735 1911 3778 nec
1954 3735 2086 3778 non
2133 3725 2586 3779 antecessores

244 3803 441 3881 nostri,
487 3801 687 3865 duces
732 3800 1061 3884 Austriae,
1132 3801 1393 3886 Styriae
1454 3809 1519 3864 et
1581 3798 1982 3879 Oarinthiae,
2047 3799 2294 3863 domini
2357 3797 2587 3864 Carni.

246 3883 386 3968 olae,
440 3887 792 3964 Marchiae,
851 3887 1068 3973 Egrae
1136 3909 1214 3951 ac
1275 3887 1511 3952 Portus
1556 3886 1806 3951 Naonis
1853 3906 2059 3970 usque
2103 3893 2363 3971 tempus
2407 3886 2586 3950 vitae

248 3969 319 4035 D.
354 3973 548 4038 Belae
591 3972 879 4059 inclytae
922 3972 1395 4038 recordationis
1441 3972 1646 4060 patris
1691 3971 1850 4037 dicti
1897 3971 1984 4036 D.
2052 3970 2368 4058 Stephani
2408 3971 2584 4057 regis

250 4053 548 4142 Ungariae
591 4057 1023 4145 possederunt
1066 4081 1148 4124 ac
1190 4066 1562 4124 tenuerunt.

397 4143 635 4210 Verum
698 4146 754 4208 si
812 4145 1076 4209 termini
1121 4145 1275 4209 hinc
1333 4144 1490 4209 inde
1551 4143 1829 4225 fuissent
1888 4141 2105 4207 avulsi
2163 4141 2273 4208 vel
2331 4141 2586 4223 mutati,

256 4228 625 4296 venerabiles
672 4239 892 4316 patres
937 4231 1021 4295 D.
1067 4229 1602 4316 archiepiscopus
1645 4229 2121 4314 strigoniensis
2144 4238 2210 4295 et
2239 4230 2586 4317 episcopus
