3150 5017
1257 265 1738 334 -119—

299 450 366 504 et
413 434 662 526 primus
707 443 775 504 in
822 443 1001 504 omni
1039 443 1188 528 jure
1235 463 1352 508 suo
1377 451 1444 508 et

294 528 368 590 in
407 528 672 611 justitia
715 528 1028 594 manebit.

470 2601 584 2693 ῩῙ.
628 2601 792 2666 Item
854 2601 1167 2689 quicquid
1235 2602 1430 2667 urbo-

273 2692 446 2756 rarii
491 2712 640 2754 cum
666 2691 832 2753 scitu
841 2691 1208 2773 juratorum
1231 2689 1311 2753 de
1326 2691 1431 2774 ju-

277 2779 371 2843 ris
423 2775 576 2862 (sic)
606 2777 924 2840 montium
973 2775 1431 2862 disposuerint,

275 2864 415 2930 hoc
459 2873 670 2928 ratum
719 2861 1057 2928 habeatur.

431 3556 649 3623 (sigma
673 3570 912 3623 appensa
930 3553 1050 3614 duo,
1071 3558 1247 3608 minus
1271 3552 1428 3607 Wen-

283 3627 456 3678 ceslai
475 3629 520 3676 1.
555 3630 696 3693 regis
733 3627 1026 3688 bilaterale,
1065 3628 1427 3692 circumscrip-

283 3705 400 3748 tum
439 3699 498 3745 in
537 3711 752 3746 averso:
789 3697 870 3746 IN
917 3695 1125 3746 MANU
1173 3695 1430 3748 SANCTI

283 3765 717 3817 WENCESLAI
752 3765 890 3814 PAX
914 3764 1429 3827 WENOESLA1‚in

283 3850 527 3885 reverso:
583 3831 900 3886 SANCTUS
938 3834 1426 3887 WENCESLAUS

285 3904 702 3956 BOEMORUM
749 3905 924 3963 DUX;
979 3905 1203 3954 alterum
1252 3906 1426 3970 majus

291 3973 588 4038 Pteriayslai
625 3973 945 4024 marchionis
991 3989 1113 4022 cum
1159 3975 1428 4039 inscripti-

293 4057 420 4092 one:
459 4042 512 4093 S.
583 4043 898 4094 PREMISL
968 4043 1144 4093 FILII
1217 4045 1428 4096 REGIS

293 4109 705 4247 BVTIJEE3ffloRUM
739 4111 1190 4164 MAROHIONIS
1209 4115 1434 4164 MORA·

1549 443 1819 506 certatio
1880 440 1961 504 de
2029 440 2143 505 illo
2206 437 2472 504 metallo
2519 439 2686 506 obti-

1551 528 1806 592 nendo:
1832 526 2008 612 'eligi
2036 526 2278 592 debent
2301 526 2406 590 III
2429 527 2688 592 honesti

1548 616 1691 694 viri,
1764 615 1875 699 qui
1922 635 2048 678 nec
2088 612 2217 677 hiis
2276 633 2399 677 nec
2443 613 2574 678 illis
2619 616 2687 679 in

1548 699 1849 786 partibus
1876 701 2380 781 communicent,
2408 709 2473 764 et
2498 723 2687 787 quar·

1547 797 1653 852 tus
1720 809 1803 852 ex
1871 795 2058 874 parte
2127 787 2560 867 urbariorum,
2623 795 2689 852 et

1547 873 1613 938 hi
1682 873 1821 938 1111
1888 875 1957 937 in
2048 874 2293 957 cespite
2383 873 2685 958 superius

1548 981 1923 1026 mensuram
1970 958 2358 1044 angularem
2388 958 2689 1024 deferant

1541 1059 1607 1112 et
1620 1049 1807 1132 justa
1828 1046 2219 1122 discernant,
2246 1047 2299 1108 si
2323 1045 2501 1110 litem
2530 1045 2679 1109 sub·

1544 1143 1751 1199 ortam
1800 1133 2121 1197 discutere
2167 1133 2438 1218 possint.
2511 1137 2569 1215 ξ.
2616 1133 2675 1196 2.

1545 1220 1739 1300 Quod
1786 1220 1839 1284 si
1886 1217 2178 1283 fierinon
2209 1219 2465 1304 poterit,
2492 1240 2529 1282 o
2581 1241 2677 1283 or·-

1543 1307 1725 1388 tebit,
1794 1306 1971 1392 quod
2040 1307 2219 1370 circa
2288 1243 2678 1391 profungius

1543 1393 1640 1457 il-li
1702 1392 1832 1457 duo
1895 1402 2147 1456 meatus
2217 1393 2679 1476 contiguentur

1543 1501 1661 1566 per
1720 1479 2109 1561 anfractum,
2157 1487 2223 1542 et
2244 1477 2352 1542 illo
2378 1478 2679 1543 anfractu

1540 1589 1660 1653 per
1705 1566 1911 1631 dictos
1954 1565 2055 1630 IV
2101 1564 2342 1630 electos
2369 1586 2677 1630 mensura

1503 1649 1510 1653 ’
1535 1653 1832 1718 trahatur
1852 1651 2205 1737 angulariS‚
2225 1659 2288 1716 et
2313 1651 2675 1716 secundum

1538 1760 1760 1805 eorum
1828 1737 2143 1824 judicium
2216 1737 2480 1803 illorum
2542 1737 2673 1801 cul-

1536 1838 1749 1890 torum
1812 1827 2209 1891 concertatio
2271 1827 2674 1890 terminetur.

1537 1919 1595 1996 ἓ.
1659 1915 1716 1980 3.
1800 1911 2021 1976 Medio
2104 1921 2318 1976 autem
2381 1921 2675 1998 tempore

1535 2012 1666 2064 tam
1730 1999 1885 2081 novi
1960 1997 2206 2062 metalli
2281 1999 2676 2073 inventores,

1538 2109 1735 2174 quam
1785 2085 1897 2149 alii
1919 2106 2041 2171 pro
2067 2083 2331 2148 metallo
2357 2083 2674 2166 laborent,

1531 2172 1711 2260 quod
1736 2180 1953 2236 tamen
1980 2171 2297 2235 reservari
2325 2167 2520 2234 debet
2550 2168 2673 2233 sub

1537 2257 1854 2330 custodia,
1901 2265 1973 2322 ut
1996 2257 2499 2345 quibuscunque
2523 2257 2675 2340 jure

1536 2369 1651 2434 per
1726 2345 2131 2432 saepedictos
2192 2342 2434 2408 electos
2489 2340 2673 2429 adju·

1537 2434 1821 2498 dicatum
1891 2431 2105 2512 fuerit,
2169 2429 2263 2494 illi
2311 2428 2671 2510 obtineant,

1534 2520 1649 2585 lite
1739 2517 1991 2584 ualibet
2033 2525 2451 2605 posttergata.

1696 2541 1829 2672 cQVI.
1941 2610 2000 2687 ἓ.
2092 2606 2145 2669 1.
2253 2603 2418 2669 Item
2519 2602 2674 2668 civi-

1541 2695 1695 2758 tatis
1783 2691 2177 2778 Iglaviensis
2258 2692 2393 2776 jus'
2444 2698 2675 2770 exstat,

1541 2790 1615 2844 ut
1660 2778 1973 2866 quicquid
2032 2779 2099 2842 in
2160 2777 2495 2841 montibus
2555 2777 2673 2840 cir·

1537 2887 1951 2956 cumquaque
2033 2865 2397 2950 contigerit,
2469 2863 2677 2950 judex

1533 2954 1775 3018 montis
1820 2955 1887 3016 in
1952 2952 2165 3016 causis
2225 2951 2445 3036 parvis
2499 2947 2672 3034 Judi-

1535 3063 1686 3106 care
1752 3037 1971 3103 habet.
2057 3041 2115 3120 ξ.
2184 3037 2244 3101 2.
2314 3033 2381 3098 Si
2453 3043 2673 3099 autem

1535 3129 1682 3214 quis
1730 3147 1879 3190 uam
1927 3122 2311 3189 vulneratus
2342 3120 2538 3186 fuerit
2568 3119 2675 3186 vel

1535 3216 1706 3278 inter
1736 3221 1937 3292 ectus,
2009 3209 2209 3295 judex
2255 3207 2494 3272 montis
2539 3205 2675 3294 gla-

1538 3301 1667 3364 diis
1712 3308 1825 3363 aut
1854 3295 2137 3363 cultellis
2160 3304 2415 3360 tantum
2448 3315 2675 3381 accep-

1539 3389 1644 3466 tis,
1692 3385 1857 3450 alias
1904 3405 2131 3451 omnes
2157 3403 2390 3448 causas
2426 3382 2677 3446 civitati

1541 3471 1907 3558 resignabit
1974 3467 2390 3556 judicandas.
2474 3471 2533 3550 §-
2615 3466 2676 3532 3.

1538 3560 1693 3624 Item
1766 3556 2079 3646 quicquid
2149 3555 2355 3642 jurati
2437 3555 2675 3644 montis

1536 3647 1920 3730 juramentis
1940 3647 2078 3710 suis
2086 3643 2301 3730 judici
2338 3652 2402 3706 et
2436 3641 2675 3726 juratis

1536 3735 1825 3797 civitatis
1854 3730 2387 3798 confirmaverint
2460 3729 2720 3814 (prae-.
2808 3731 2823 3742 ’

1533 3821 1982 3898 sentaverint),
2016 3816 2378 3882 efficaciam
2419 3812 2675 3879 obtine-

1531 3906 1644 3971 bit.
1679 3910 1737 3988 ξ.
1758 3907 1819 3968 4.
1845 3907 2007 3972 Item
2035 3901 2353 3971 arborarii
2371 3901 2439 3964 in
2458 3902 2677 3990 aliquo

1535 3992 1813 4057 stollone
1857 3990 2252 4056 hereditario
2322 3989 2465 4054 sine
2526 4009 2676 4054 con-

1541 4101 1741 4144 sensu
1784 4081 1851 4144 et
1894 4079 2062 4142 scitu
2107 4074 2430 4140 cultorum
2476 4076 2677 4161 magi-

1543 4173 1746 4230 strum
1783 4165 2023 4229 montis
2066 4184 2200 4228 non
2246 4164 2631 4229 instaurent.
