3150 5017
1174 247 1274 348 3..
1363 296 1486 362 133
1571 329 1659 348 ....

413 469 474 535 1..
519 467 810 536 obviare
853 489 986 536 non
1031 467 1360 534 eredimus
1405 466 1891 534 ecclesiasticae
1933 464 2282 548 honestati,
2330 466 2385 528 si
2424 461 2616 530 sedes

236 554 612 641 apostolica,
655 555 768 642 pia
812 565 1040 635 mater,
1085 552 1395 638 Judaeos,
1439 575 1607 641 quos
1652 555 1823 620 inter
1879 551 2051 616 filios
2116 551 2216 617 sui
2278 551 2444 616 uteri
2491 549 2615 617 sub

238 643 514 728 propriis
571 640 829 725 ritibus,
885 640 1247 708 eorundem
1309 639 1589 708 salutem
1652 649 2045 726 expectans,
2106 635 2617 704 misericorditer

281 730 494 811 atitur,
554 729 956 812 conversari,
1017 728 1120 794 sui
1181 737 1486 817 expertes
1540 727 1788 793 favoris
1847 733 1915 790 et
1973 722 2285 810 praesidii
2328 746 2463 790 non
2509 743 2613 789 re-

264 816 505 901 'nquan

398 917 460 981 2.
503 916 684 983 Sane
727 917 898 984 sicut
937 915 1340 982 Judaeorum
1385 916 1671 981 civitatis
1732 924 1798 982 et
1859 913 2239 980 dioeceseos
2283 909 2612 1000 Herbipo-

240 1002 430 1068 lensis
473 1003 708 1091 petitio
767 1004 952 1069 nobis
1012 1001 1308 1070 exhibita
1351 1001 1751 1082 continebat,
1796 999 2195 1067 venerabilis
2255 999 2455 1068 frater
2498 1019 2612 1064 no·

243 1099 368 1156 ster
407 1088 916 1179 Herbipolensis
959 1090 1328 1177 episcopus,
1397 1089 1823 1154 considerans
1870 1085 2043 1188 quod
2092 1083 2612 1152 nonnulli-obri-

237 1177 584 1242 stianorum
631 1175 931 1262 ejusdem
975 1177 1262 1242 civitatis
1309 1185 1374 1242 et
1416 1173 1795 1242 dioeceseos
1838 1172 2049 1239 dictos
2091 1171 2135 1238 J
2137 1173 2385 1239 udaeos
2428 1170 2610 1238 inde-

243 1262 379 1328 bitis
437 1263 758 1328 molestiis
816 1270 884 1328 et
926 1261 1382 1328 exactionibus
1426 1271 1656 1327 contra
1700 1259 1956 1326 indulta
2015 1258 2346 1346 privilegii
2396 1258 2615 1326 dictae

239 1349 400 1414 sedis
444 1348 899 1416 inhumaniter
940 1347 1345 1452 affligebant,
1390 1369 1472 1450 ac
1515 1349 1627 1450 pia
1670 1368 1871 1434 super
1890 1346 2021 1448 hiis
2040 1355 2308 1430 gestans
2352 1345 2609 1412 viscera

239 1457 565 1587 {5333
596 1431 2613 1607 :ffssissss'ss'srsafflgz‘gssi335322‘1‘35335‘3}siw‘zffssszgsi

238 1606 583 1692 praedictis
602 1655 622 1691 ,
690 1631 808 1695 per
871 1607 1318 1674 subdictorum
1405 1627 1675 1672 suorum
1749 1605 1898 1672 loca
1962 1605 2155 1676 duxit
2216 1603 2613 1692 generaliter

243 1694 660 1760 statuendum
708 1716 788 1759 ac
831 1695 1028 1760 etiam
1073 1691 1507 1760 inhibendum
1539 1716 1556 1759 :

393 1801 456 1864 3.
499 1799 607 1864 Ne
666 1798 904 1884 aliquis
967 1795 1378 1862 subditorum
1426 1819 1715 1877 suorum,
1760 1796 2040 1862 clericus
2086 1793 2192 1863 vel
2237 1794 2472 1870 laicus,
2540 1794 2611 1860 in

235 1905 384 1968 quos
438 1886 586 1971 ipse
649 1884 1056 1972 spiritualem
1116 1883 1223 1949 vel
1276 1884 1703 1970 temporalem
1764 1882 2293 1968 jurisdictionem
2340 1882 2613 1960 obtinet,

237 1969 511 2036 ,ludaeos
572 1971 756 2060 ipsos
814 1970 883 2034 in
929 1980 1115 2058 parte
1159 1971 1400 2056 aliqua,
1450 1972 1518 2034 in
1566 1971 1885 2055 personis,
1946 1969 2142 2034 rebus
2187 1967 2297 2032 vel
2341 1967 2609 2034 familiis

239 2057 582 2122 eorundem
651 2057 1066 2146 aliquatenus
1124 2057 1366 2123 audeat
1408 2055 1692 2134 laedere,
1755 2055 2091 2137 invadere,
2137 2053 2244 2120 vel
2291 2056 2489 2120 etiam
2535 2055 2608 2118 in

241 2143 444 2229 aliquo
506 2143 878 2224 molestare,
939 2153 1133 2231 prout
1191 2145 1260 2208 in
1321 2142 1527 2208 literis
1590 2141 1906 2208 confectis
1960 2139 2200 2206 exinde
2260 2160 2339 2205 ac
2396 2139 2607 2227 ipsius

237 2230 510 2317 episcopi
559 2229 782 2315 sigillo
830 2231 1098 2296 munitis
1144 2229 1406 2317 plenius
1454 2228 1700 2295 dicitur
1744 2227 2087 2293 contineri.

393 2339 452 2404 4.
495 2333 640 2400 Nos
684 2334 906 2424 itaque
948 2331 1436 2422 praedictorum
1481 2332 1524 2398 J
1528 2331 1888 2398 udaeorum
1978 2329 2231 2396 artibus
2276 2327 2603 2412 inclinati,

236 2417 397 2510 quod
438 2419 523 2486 ab
571 2417 804 2486 eodem
849 2423 1155 2510 episcopo
1199 2441 1398 2508 super
1438 2419 1566 2484 hoc
1608 2417 1885 2505 proinde
1954 2427 2172 2484 actum
2219 2425 2339 2500 est,
2384 2424 2605 2482 ratum

237 2504 558 2590 babentes,
630 2505 1007 2578 discretioni
1069 2517 1222 2572 tuae
1289 2527 1408 2592 per
1460 2506 1823 2592 apostolica
1882 2506 2129 2592 scripta
2188 2501 2603 2586 mandamus,

241 2601 547 2684 quatenus
595 2592 863 2659 eosdem
907 2593 952 2660 J
954 2593 1198 2662 udaeos
1243 2600 1474 2658 contra
1517 2592 2003 2678 praedictorum
2048 2592 2278 2656 statuti
2325 2597 2391 2655 et
2433 2590 2603 2656 inhi-

242 2673 493 2746 bitionis
585 2689 882 2747 tenorem
903 2727 920 2762 ,
1008 2701 1143 2746 non
1230 2679 1572 2767 permittas
1654 2700 1855 2765 super
1920 2677 2049 2744 biis
2115 2675 2201 2742 ab
2269 2675 2605 2764 aliquibus

240 2763 514 2832 indebite
559 2764 931 2850 molestari3

393 2853 453 2921 5.
497 2852 956 2919 Molestatores
1034 2849 1410 2936 hujusmodi
1475 2871 1595 2938 per
1660 2871 2009 2942 censuram
2068 2848 2607 2932 ecclesiasticam,

241 2939 669 3085 ἓρροΙΙαῐίοιιο
727 2941 1108 3044 postposita,
1170 2935 1682 3089 complesfendm
1728 2958 1864 3088 no?
1909 2936 2227 3087 olbstante,
2272 2937 2328 3000 si
2374 2932 2607 3020 aliqui-

246 3044 384 3174 03231
411 3025 1432 3264 ‘ffissssissoessssssssssssffnissn‘i
1459 3033 1624 3176 “2¹3
1665 3031 2413 3195 ‘ffieriieiqssqssffi
2458 3043 2607 3175 ⁸5:32

251 3215 350 3260 sus
396 3218 476 3263 en
552 3247 568 3264 .

352 3220 652 3351 pDatum
712 3285 950 3353 Asissii
993 3283 1166 3353 vm
1217 3282 1501 3352 Kalend.
1547 3281 1878 3368 Octobris,
1930 3280 2349 3370 pontificatus
2390 3282 2603 3348 nostri

253 3387 415 3434 anno
456 3371 829 3444 undecimo.

401 3663 612 3750 Igitur
655 3685 807 3732 cum
853 3672 1230 3732 sanctorum
1275 3672 1534 3752 patrum
1584 3666 2045 3732 eoncessiones
2090 3672 2155 3728 et
2198 3670 2441 3729 statuta
2487 3684 2605 3730 no-

249 3744 358 3830 bis,
401 3753 510 3838 qui
557 3752 783 3818 titulos
829 3751 1168 3840 dignitatis
1212 3759 1474 3818 nostrae
1521 3750 1643 3816 sub
1690 3753 2016 3838 principio
2069 3751 2269 3837 buius
2312 3749 2599 3836 paginae

252 3830 538 3906 duximus
583 3861 668 3906 ex
713 3838 1071 3916 rimendos,
1116 3836 1511 3904 documenta
1555 3846 1739 3904 certa
1782 3839 1913 3902 sint
1956 3839 2189 3904 merito
2213 3845 2279 3904 et
2302 3835 2605 3923 exempla

252 3922 555 3991 universis
601 3861 909 3992 &polibus
952 3926 1140 4011 regni
1185 3924 1392 3990 nostri
1449 3945 1568 4010 per
1611 3921 1997 3989 Bohemiam
2058 3921 2437 4006 baronibus,
2494 3946 2602 3992 su·

253 4009 440 4102 posuis,
496 4010 758 4089 villicis,
806 4011 1147 4099 judicibus
1207 4020 1272 4076 et
1329 4009 1476 4077 aliis
1533 4033 1575 4076 a
1633 4008 1825 4076 nobis
1884 4009 2282 4076 habentibus
2318 4008 2599 4098 judicia-

253 4107 398 4158 riam
455 4105 837 4183 potestatem
855 4148 874 4180 ,
933 4097 1170 4163 damus
1227 4099 1478 4184 gratiae
1536 4105 1799 4164 nostrae
1858 4097 1983 4162 sub
2045 4095 2337 4174 obtentu,
2381 4119 2601 4164 rerum

258 4195 372 4273 §1¹¹⁰
409 4191 471 4249 et
513 4206 939 4271 personarum
986 4185 1489 4251 conservatione
1535 4183 1807 4250 firmiter
1848 4185 1918 4248 in
1966 4187 2349 4270 praeceptis,
2411 4194 2483 4248 ut
2534 4194 2601 4249 et

256 4266 371 4354 1Ρεί
419 4290 558 4339 une
609 4271 959 4340 nobiscum
1019 4268 1292 4338 firmiter
1349 4269 1725 4338 custodiant
1781 4279 1849 4336 et
1891 4267 2255 4338 observent
2292 4271 2619 4338 universa*
