3150 5017
1168 290 1641 354 -187—

244 480 454 525 norum
513 480 733 544 regem
810 481 1071 547 semper
1142 481 1347 545 augu-

244 556 423 626 stum,
466 568 547 609 ex
590 567 722 609 una
766 555 831 610 et
874 568 997 609 nos
1028 568 1113 610 ex
1144 546 1350 612 altera

241 640 427 716 parte,
483 654 599 716 per
674 631 1116 697 venerabilem
1193 630 1348 698 Olo-

242 738 593 781 mucensem
639 718 1039 804 episcopum,
1084 717 1350 803 Zmylo-

246 824 385 868 nem
454 802 920 889 purchravium
998 804 1346 869 Vetovien·

240 910 381 970 sem,
436 890 820 973 magistrum
875 890 1176 954 Ulricum
1237 910 1349 954 no-

241 974 459 1039 tarium
542 983 840 1040 nostrum
907 984 974 1040 et
1060 974 1349 1040 nobilem

241 1061 440 1124 virum
528 1060 865 1125 dominum
941 1060 1349 1125 Fridericum

239 1145 681 1229 purchravium
774 1148 856 1212 de
937 1146 1351 1229 Nurnberch,

238 1229 491 1316 provide
558 1233 956 1317 ordinatam,
1029 1234 1097 1299 in
1170 1234 1353 1298 omni

240 1317 328 1381 sui
366 1328 549 1403 parte
594 1327 662 1383 et
705 1317 981 1403 singulis
1026 1320 1160 1383 suis
1197 1319 1350 1383 arti-

240 1402 385 1469 culis
457 1403 927 1471 inviolabiliter
1000 1403 1351 1470 observare

237 1490 683 1573 promittimus,
725 1499 923 1577 prout
957 1500 1057 1556 est
1078 1490 1351 1557 inferius

239 1582 571 1641 annotata:

389 1661 440 1727 I.
482 1658 567 1726 In
613 1662 845 1748 primis
888 1662 1213 1747 siquidem
1237 1660 1350 1727 ob-

239 1744 409 1815 sides.
454 1756 521 1813 et
584 1750 864 1831 captivi,
927 1752 1010 1812 ab
1071 1758 1351 1834 utraque

238 1842 405 1916 parte
462 1844 621 1899 ante
684 1855 915 1921 pacem
980 1833 1351 1900 ordinatam

238 1926 295 1981 et
331 1926 473 2004 post
517 1920 659 1984 dati
705 1930 929 1985 mutuo
974 1929 1043 1985 et
1085 1920 1351 2001 detenti,

240 2025 273 2067 a
310 2006 611 2089 proxima
655 2003 763 2071 die
808 2004 1137 2069 dominica
1174 2027 1353 2071 nunc

237 2090 503 2156 instante
547 2091 724 2156 infra
790 2091 1166 2177 quindecim
1210 2090 1352 2157 dies

239 2174 462 2241 debent
509 2177 772 2243 restitui
817 2178 1135 2267 pristinae
1159 2176 1351 2242 liber-

240 2262 365 2343 tati,
410 2263 494 2327 ab
544 2264 725 2327 omni
770 2285 1038 2348 prorsus
1097 2262 1350 2348 obliga·

237 2348 430 2431 tione,
488 2348 921 2436 fidejussione
980 2370 1100 2414 seu
1158 2370 1351 2414 exac-

236 2433 397 2498 tione
438 2436 763 2520 pecuniae
806 2435 1199 2521 indempnes
1242 2456 1350 2523 pe-

236 2520 398 2585 nitus
443 2529 508 2586 et
551 2524 899 2603 immunes,
944 2522 1072 2585 nisi
1117 2520 1351 2587 fortas-

236 2606 316 2669 sis
370 2628 485 2692 pro
554 2608 652 2673 eis
706 2607 814 2672 vel
872 2606 1205 2693 aliquibus
1249 2628 1352 2673 eo-

235 2712 369 2753 rum
422 2702 581 2757 ante
643 2694 827 2779 pacis
872 2693 1353 2758 ordinationem

235 2776 469 2863 aliquid
515 2778 609 2853 sit
651 2778 958 2866 solutum,
1017 2777 1103 2843 ad
1161 2781 1355 2864 cujus

235 2864 703 2930 restitutionem
792 2866 851 2928 is
934 2866 1039 2929 cui
1117 2864 1353 2931 solutio

235 2946 397 3013 facta
452 2950 616 3033 fuit,
645 2944 951 3020 'minime
1006 2948 1351 3035 obligatur.

390 3036 481 3100 H.
526 3036 694 3101 Item
742 3045 815 3100 ut
858 3038 1031 3100 inter
1060 3038 1351 3122 praedic-

234 3124 361 3183 tum
402 3122 743 3186 dominum
788 3131 1083 3187 nostrum
1130 3131 1195 3187 et
1232 3144 1355 3188 nos

238 3208 527 3288 specialis
578 3209 907 3273 amicitiae
938 3207 1204 3272 foedera
1228 3208 1354 3273 for-

237 3291 375 3355 tiori
416 3294 689 3358 vinculo
715 3294 1099 3375 solidentur,
1144 3294 1353 3359 filium

237 3388 516 3443 nostrum
583 3381 992 3445 carissimum
1056 3379 1354 3465 ejusdem

236 3464 396 3548 regis
452 3464 632 3530 filiae
700 3466 856 3531 dare
913 3467 1354 3551 promittimus

236 3548 298 3612 in
340 3553 667 3628 maritum,
714 3552 820 3617 cui
863 3552 1043 3616 idem
1101 3573 1222 3616 rex
1267 3552 1354 3616 ci·

237 3635 495 3701 vitatem
538 3638 818 3724 imperii,
890 3638 1136 3722 Egram
1184 3637 1355 3703 scili·

239 3730 348 3801 cet,
408 3745 559 3788 cum
622 3723 930 3788 omnibus
995 3725 1357 3788 attinentiis

242 3808 383 3889 suis,
473 3811 731 3891 castris,
805 3810 1355 3894 possessionibus,

240 3890 601 3960 hominibus
645 3906 711 3960 et
752 3894 899 3959 aliis
937 3896 1355 3981 quibuscum·

244 3998 377 4061 que,
419 4002 591 4066 quae
636 4003 757 4046 nos
802 3981 887 4046 ad
918 4002 1234 4068 praesens
1265 3990 1356 4048 te·

245 4082 388 4127 nere
445 4067 880 4150 dinoscimur,
949 4090 1067 4153 pro
1128 4066 1355 4134 decem

246 4148 519 4218 millibus
566 4169 933 4218 marcarum
958 4155 1212 4239 argenti
1237 4176 1352 4219 no-

247 4235 407 4301 mine
450 4238 731 4308 dotalitii
776 4240 917 4305 sive
964 4240 1153 4319 dotis,
1198 4241 1354 4306 titu-

247 4316 308 4384 lo
347 4323 630 4407 pignoris
673 4323 1013 4411 obligabit.

1448 482 1599 545 gem
1642 459 1952 525 Boemiae
1996 480 2082 525 ex
2127 462 2336 525 altera
2373 468 2583 545 parte,

1454 568 1569 631 per
1597 544 2045 611 venerabilem
2079 546 2588 611 Olomucensem

1454 634 1858 733 episcopum,
1880 630 2246 697 Zmilonem
2271 632 2589 717 purchra-

1451 738 1635 783 vmm
1701 718 2191 798 Vetoviensem‚
2260 725 2324 783 et
2386 717 2590 801 magi-

1453 812 1661 869 strum
1704 802 2001 869 Ulricum
2046 804 2374 868 notarium
2414 804 2592 887 ejus-

1452 888 1600 954 dem
1626 891 1820 974 regis,
1865 898 1930 954 et
1973 888 2261 955 nobilem
2300 886 2591 953 Frideri-

1452 997 1602 1041 cum
1663 974 2132 1060 purchravium
2194 974 2276 1039 de
2332 974 2592 1039 Nuren-

1450 1059 1655 1127 berch
1713 1060 1986 1146 provide
2046 1060 2415 1126 ordinatam
2440 1108 2458 1141 ,
2516 1060 2588 1125 in

1453 1148 1632 1213 omni
1678 1148 1780 1211 sui
1824 1154 2012 1233 parte
2057 1154 2123 1211 et
2145 1146 2424 1232 singulis
2448 1146 2586 1210 suis

1454 1231 1750 1298 articulis
1828 1231 2301 1299 inviolabiliter
2370 1230 2592 1297 obser-

1452 1339 1612 1384 vare
1655 1319 2116 1405 promittimus,
2141 1327 2333 1405 prout
2356 1326 2456 1384 est
2485 1318 2584 1382 in-

1451 1404 1657 1471 ferius
1702 1413 2050 1471 annotata:

1625 1662 1679 1727 Ι.
1723 1662 1804 1727 In
1849 1663 2082 1748 primis
2125 1664 2179 1729 si
2228 1661 2448 1727 uidem
2483 1658 2592 1725 ob·

1453 1746 1629 1813 sides
1701 1757 1766 1813 et
1826 1750 2092 1834 captivi,
2168 1772 2208 1814 a
2311 1756 2590 1832 utraque

1452 1843 1642 1916 parte
1703 1842 1856 1899 ante
1917 1855 2151 1920 pacem
2225 1834 2593 1899 ordinatam

1454 1929 1520 1985 et
1561 1926 1714 2005 post
1759 1918 1893 1984 dati
1940 1928 2166 1984 mutuo
2211 1927 2277 1984 et
2321 1918 2590 1999 detenti,

1455 2027 1496 2071 a
1538 2005 1846 2092 proxima
1891 2002 1996 2070 die
2042 2004 2371 2069 dominica
2413 2024 2593 2067 nunc

1453 2092 1762 2171 instante,
1809 2088 1982 2155 infra
2026 2090 2404 2177 quindecim
2450 2089 2592 2153 dies

1456 2175 1702 2241 debent
1743 2178 1998 2241 restitui
2042 2177 2359 2263 pristinae
2398 2174 2594 2239 liber·

1455 2264 1595 2339 tati,
1640 2264 1726 2327 ab
1775 2264 1955 2328 omni
1996 2283 2264 2347 prorsus
2289 2258 2594 2345 obligati-

1457 2370 1603 2431 one,
1648 2347 2073 2435 fidejussione
2098 2370 2212 2413 seu
2249 2348 2594 2413 exactione

1457 2436 1780 2521 pecuniae
1825 2434 2214 2521 indempnes
2242 2433 2506 2519 penitus
2531 2442 2596 2497 et

1456 2521 1781 2602 inmunes,
1833 2522 1961 2585 nisi
2006 2520 2304 2585 fortassis
2346 2540 2467 2605 pro
2497 2518 2594 2583 eis

1455 2606 1563 2672 vel
1610 2605 1942 2693 aliquibus
1980 2628 2204 2672 eorum
2228 2613 2382 2670 ante
2410 2606 2593 2692 pacis

1457 2692 1942 2759 ordinationem
1984 2691 2235 2779 aliquid
2280 2692 2366 2756 sit
2413 2691 2592 2755 solu-

1456 2787 1620 2861 tum,
1648 2778 1734 2843 ad
1780 2780 1969 2866 cujus
2016 2779 2494 2844 restitutionem
2539 2776 2595 2839 is

1458 2866 1566 2929 cui
1612 2863 1848 2929 solutio
1894 2864 2069 2930 facta
2113 2863 2256 2946 fuit,
2325 2862 2594 2926 minime

1459 2950 1806 3035 obligatur.

1629 3036 1720 3101 II.
1790 3037 1957 3102 Item
2003 3043 2075 3100 ut
2135 3037 2307 3099 inter
2362 3054 2485 3096 nos
2532 3039 2596 3097 et

1457 3144 1678 3207 regem
1745 3123 2104 3187 raedictum
2125 3117 2428 3208 specialis
2441 3118 2597 3183 ami-

1458 3209 1651 3273 citiae
1725 3208 1961 3271 oedera
2019 3207 2271 3272 fortiori
2330 3203 2598 3269 vinculo

1459 3292 1825 3358 solidentur
1853 3341 1872 3375 ,
2004 3293 2212 3356 filiam
2303 3300 2596 3355 nostram

1458 3378 1756 3529 gjusdem
1826 3379 1998 3463 regis
2065 3379 2376 3443 Boemiae
2463 3376 2597 3442 filio

1505 3486 1617 3530 are
1676 3467 2116 3552 promittimus
2176 3466 2244 3529 in
2300 3484 2597 3543 uxorem,

1460 3560 1526 3617 et
1571 3553 1632 3615 ei
1677 3553 2010 3617 civitatem
2034 3552 2132 3615 Im
2185 3551 2320 3629 erii,
2351 3548 2596 3633 Egram

1459 3638 1736 3713 scilicet,
1779 3658 1926 3702 cum
1974 3640 2150 3702 omni
2200 3658 2276 3701 us
2318 3636 2600 3699 attinen-

1456 3724 1567 3789 tiis
1613 3724 1767 3800 suis,
1784 3724 2034 3805 castris,
2053 3719 2599 3809 possessionibus,

1458 3808 1839 3874 hominibus
1886 3817 1953 3873 et
1997 3809 2145 3873 aliis
2216 3807 2596 3873 uibuscum-

1460 3916 1609 3981 que,
1653 3916 1824 3981 quae
1851 3893 2064 3961 dictus
2088 3895 2186 3960 Bo
2238 3894 2445 3958 emiae
2477 3913 2598 3957 rex

1460 3980 1547 4047 ad
1590 4002 1903 4065 praesens
1949 3989 2170 4047 tenere
2217 3979 2598 4061 dinoscitur,

1459 4088 1579 4152 pro
1626 4066 1854 4134 decem
1902 4066 2194 4132 millibus
2228 4087 2599 4131 marcarum

1461 4154 1738 4237 argenti,
1801 4153 2066 4217 nomine
2133 4151 2414 4217 dotalitii
2457 4153 2600 4215 sive

1463 4238 1656 4321 dotis,
1670 4237 1862 4304 titulo
1886 4239 2183 4324 pignoris
2206 4238 2596 4325 obligamus.
