<?xml version="1.0" encoding="UTF-8"?>
<!DOCTYPE html PUBLIC "-//W3C//DTD XHTML 1.0 Transitional//EN"
    "http://www.w3.org/TR/xhtml1/DTD/xhtml1-transitional.dtd">
<html xmlns="http://www.w3.org/1999/xhtml" xml:lang="en" lang="en">
 <head>
  <title>
</title>
<meta http-equiv="Content-Type" content="text/html;charset=utf-8" />
  <meta name='ocr-system' content='tesseract 3.04.00' />
  <meta name='ocr-capabilities' content='ocr_page ocr_carea ocr_par ocr_line ocrx_word'/>
</head>
<body>
  <div class='ocr_page' id='page_1' title='image "./codexjurisbohem01unkngoog_0271.png"; bbox 0 0 3150 5017; ppageno 0'>
   <div class='ocr_carea' id='block_1_1' title="bbox 1230 289 1704 360">
    <p class='ocr_par' dir='ltr' id='par_1_1' title="bbox 1230 289 1704 360">
     <span class='ocr_line' id='line_1_1' title="bbox 1230 289 1704 360; baseline 0.004 -18"><span class='ocrx_word' id='word_1_1' title='bbox 1230 289 1704 360; x_wconf 70' lang='lat'>...261-</span> 
     </span>
    </p>
   </div>
   <div class='ocr_carea' id='block_1_2' title="bbox 219 463 2740 2118">
    <p class='ocr_par' dir='ltr' id='par_1_2' title="bbox 219 463 2740 2118">
     <span class='ocr_line' id='line_1_2' title="bbox 458 463 2662 569; baseline -0.002 -37"><span class='ocrx_word' id='word_1_2' title='bbox 458 463 919 532; x_wconf 64' lang='lat' dir='ltr'><strong>eoncedente-</strong></span> <span class='ocrx_word' id='word_1_3' title='bbox 962 465 1085 532; x_wconf 78' lang='lat' dir='ltr'><strong>tibi</strong></span> <span class='ocrx_word' id='word_1_4' title='bbox 1102 465 1976 569; x_wconf 59' lang='lat' dir='ltr'><strong>auctoritatemplenariam·</strong></span> <span class='ocrx_word' id='word_1_5' title='bbox 2016 469 2084 532; x_wconf 71' lang='lat' dir='ltr'><strong>et</strong></span> <span class='ocrx_word' id='word_1_6' title='bbox 2124 463 2400 532; x_wconf 64' lang='lat' dir='ltr'><strong>liberam</strong></span> <span class='ocrx_word' id='word_1_7' title='bbox 2445 465 2662 548; x_wconf 86' lang='lat' dir='ltr'><strong>dispo·</strong></span> 
     </span>
     <span class='ocr_line' id='line_1_3' title="bbox 286 551 2660 641; baseline 0 -23"><span class='ocrx_word' id='word_1_8' title='bbox 286 551 511 636; x_wconf 86' lang='lat' dir='ltr'><strong>nendi,</strong></span> <span class='ocrx_word' id='word_1_9' title='bbox 572 551 922 636; x_wconf 85' lang='lat' dir='ltr'><strong>statuendi,</strong></span> <span class='ocrx_word' id='word_1_10' title='bbox 971 553 1349 641; x_wconf 81' lang='lat' dir='ltr'><strong>judicandi,</strong></span> <span class='ocrx_word' id='word_1_11' title='bbox 1405 553 1880 640; x_wconf 71' lang='lat' dir='ltr'><strong>praecipiendi,</strong></span> <span class='ocrx_word' id='word_1_12' title='bbox 1945 566 2328 640; x_wconf 83' lang='lat' dir='ltr'><strong>proventus,</strong></span> <span class='ocrx_word' id='word_1_13' title='bbox 2389 551 2660 620; x_wconf 59' lang='lat' dir='ltr'><strong>servitia</strong></span> 
     </span>
     <span class='ocr_line' id='line_1_4' title="bbox 282 637 2658 725; baseline -0.001 -19"><span class='ocrx_word' id='word_1_14' title='bbox 282 647 355 706; x_wconf 84' lang='lat' dir='ltr'><strong>et</strong></span> <span class='ocrx_word' id='word_1_15' title='bbox 388 640 551 724; x_wconf 76' lang='lat' dir='ltr'><strong>jura</strong></span> <span class='ocrx_word' id='word_1_16' title='bbox 608 637 831 704; x_wconf 67' lang='lat' dir='ltr'><strong>omnia</strong></span> <span class='ocrx_word' id='word_1_17' title='bbox 892 641 975 708; x_wconf 80' lang='lat' dir='ltr'><strong>de</strong></span> <span class='ocrx_word' id='word_1_18' title='bbox 1032 641 1225 706; x_wconf 72' lang='lat' dir='ltr'><strong>terris</strong></span> <span class='ocrx_word' id='word_1_19' title='bbox 1262 640 1445 725; x_wconf 52' lang='lat' dir='ltr'><strong>ipsis</strong></span> <span class='ocrx_word' id='word_1_20' title='bbox 1503 648 1571 706; x_wconf 89' lang='lat' dir='ltr'><strong>et</strong></span> <span class='ocrx_word' id='word_1_21' title='bbox 1631 661 1855 706; x_wconf 86' lang='lat' dir='ltr'><strong>earum</strong></span> <span class='ocrx_word' id='word_1_22' title='bbox 1913 637 2296 705; x_wconf 80' lang='lat' dir='ltr'><strong>hominibus</strong></span> <span class='ocrx_word' id='word_1_23' title='bbox 2353 637 2544 704; x_wconf 74' lang='lat' dir='ltr'><strong>nohis</strong></span> <span class='ocrx_word' id='word_1_24' title='bbox 2589 645 2658 704; x_wconf 90' lang='lat' dir='ltr'><strong>et</strong></span> 
     </span>
     <span class='ocr_line' id='line_1_5' title="bbox 279 725 2660 814; baseline -0.002 -22"><span class='ocrx_word' id='word_1_25' title='bbox 279 725 519 792; x_wconf 73' lang='lat' dir='ltr'><strong>eidem·</strong></span> <span class='ocrx_word' id='word_1_26' title='bbox 544 726 823 812; x_wconf 76' lang='lat' dir='ltr'><strong>imperio</strong></span> <span class='ocrx_word' id='word_1_27' title='bbox 842 726 1089 792; x_wconf 65' lang='lat' dir='ltr'><strong>debita</strong></span> <span class='ocrx_word' id='word_1_28' title='bbox 1144 725 1542 814; x_wconf 75' lang='lat' dir='ltr'><strong>requirendi,</strong></span> <span class='ocrx_word' id='word_1_29' title='bbox 1587 725 1900 813; x_wconf 73' lang='lat' dir='ltr'><strong>exigendi</strong></span> <span class='ocrx_word' id='word_1_30' title='bbox 1944 735 2012 792; x_wconf 89' lang='lat' dir='ltr'><strong>et</strong></span> <span class='ocrx_word' id='word_1_31' title='bbox 2043 725 2451 812; x_wconf 73' lang='lat' dir='ltr'><strong>·recipiendi,-</strong></span> <span class='ocrx_word' id='word_1_32' title='bbox 2492 745 2660 790; x_wconf 76' lang='lat' dir='ltr'><strong>cau·-</strong></span> 
     </span>
     <span class='ocr_line' id='line_1_6' title="bbox 284 809 2656 902; baseline -0.001 -24"><span class='ocrx_word' id='word_1_33' title='bbox 284 831 401 878; x_wconf 63' lang='grc' dir='ltr'><strong>ιιι</strong></span> <span class='ocrx_word' id='word_1_34' title='bbox 443 809 824 894; x_wconf 76' lang='lat' dir='ltr'><strong>criminales</strong></span> <span class='ocrx_word' id='word_1_35' title='bbox 862 821 943 879; x_wconf 66' lang='lat' dir='ltr'><strong>et</strong></span> <span class='ocrx_word' id='word_1_36' title='bbox 975 812 1205 881; x_wconf 78' lang='lat' dir='ltr'><strong>civiles</strong></span> <span class='ocrx_word' id='word_1_37' title='bbox 1236 835 1331 879; x_wconf 69' lang='lat' dir='ltr'><strong>ac</strong></span> <span class='ocrx_word' id='word_1_38' title='bbox 1372 812 1872 902; x_wconf 65' lang='lat' dir='ltr'><strong>appellationes,</strong></span> <span class='ocrx_word' id='word_1_39' title='bbox 1929 813 2214 888; x_wconf 60' lang='lat' dir='ltr'><strong>etiamsi?</strong></span> <span class='ocrx_word' id='word_1_40' title='bbox 2237 831 2410 900; x_wconf 77' lang='lat' dir='ltr'><strong>quas-</strong></span> <span class='ocrx_word' id='word_1_41' title='bbox 2444 813 2516 876; x_wconf 82' lang='lat' dir='ltr'><strong>in</strong></span> <span class='ocrx_word' id='word_1_42' title='bbox 2538 812 2656 877; x_wconf 74' lang='lat' dir='ltr'><strong>&#39;eis</strong></span> 
     </span>
     <span class='ocr_line' id='line_1_7' title="bbox 282 897 2660 986; baseline -0.001 -22"><span class='ocrx_word' id='word_1_43' title='bbox 282 897 374 964; x_wconf 85' lang='lat' dir='ltr'><strong>ad</strong></span> <span class='ocrx_word' id='word_1_44' title='bbox 420 919 545 964; x_wconf 88' lang='lat' dir='ltr'><strong>nos</strong></span> <span class='ocrx_word' id='word_1_45' title='bbox 603 899 932 986; x_wconf 85' lang='lat' dir='ltr'><strong>interponi</strong></span> <span class='ocrx_word' id='word_1_46' title='bbox 994 901 1379 986; x_wconf 88' lang='lat' dir='ltr'><strong>contigerit,</strong></span> <span class='ocrx_word' id='word_1_47' title='bbox 1438 899 1754 966; x_wconf 87' lang='lat' dir='ltr'><strong>audiendi</strong></span> <span class='ocrx_word' id='word_1_48' title='bbox 1811 909 1878 966; x_wconf 87' lang='lat' dir='ltr'><strong>et</strong></span> <span class='ocrx_word' id='word_1_49' title='bbox 1935 899 2356 980; x_wconf 88' lang='lat' dir='ltr'><strong>terminandi,</strong></span> <span class='ocrx_word' id='word_1_50' title='bbox 2414 897 2660 964; x_wconf 75' lang='lat' dir='ltr'><strong>facino-</strong></span> 
     </span>
     <span class='ocr_line' id='line_1_8' title="bbox 282 984 2722 1074; baseline -0.001 -23"><span class='ocrx_word' id='word_1_51' title='bbox 282 1005 473 1051; x_wconf 91' lang='lat' dir='ltr'><strong>rosos</strong></span> <span class='ocrx_word' id='word_1_52' title='bbox 553 985 905 1072; x_wconf 86' lang='lat' dir='ltr'><strong>puniendi,</strong></span> <span class='ocrx_word' id='word_1_53' title='bbox 986 985 1499 1054; x_wconf 78' lang='lat' dir='ltr'><strong>contradictores</strong></span> <span class='ocrx_word' id='word_1_54' title='bbox 1574 995 1641 1054; x_wconf 89' lang='lat' dir='ltr'><strong>et</strong></span> <span class='ocrx_word' id='word_1_55' title='bbox 1715 984 1996 1053; x_wconf 86' lang='lat' dir='ltr'><strong>rebelles</strong></span> <span class='ocrx_word' id='word_1_56' title='bbox 2053 984 2385 1074; x_wconf 88' lang='lat' dir='ltr'><strong>quoslibet</strong></span> <span class='ocrx_word' id='word_1_57' title='bbox 2441 1005 2657 1073; x_wconf 88' lang='lat' dir='ltr'><strong>poena</strong></span> <span class='ocrx_word' id='word_1_58' title='bbox 2705 987 2722 994; x_wconf 79' lang='grc'><em>“</em></span> 
     </span>
     <span class='ocr_line' id='line_1_9' title="bbox 284 1069 2661 1160; baseline -0.002 -22"><span class='ocrx_word' id='word_1_59' title='bbox 284 1069 515 1138; x_wconf 86' lang='lat' dir='ltr'><strong>debita</strong></span> <span class='ocrx_word' id='word_1_60' title='bbox 574 1072 972 1156; x_wconf 83' lang='lat' dir='ltr'><strong>coercendi„</strong></span> <span class='ocrx_word' id='word_1_61' title='bbox 1018 1074 1346 1160; x_wconf 87' lang='lat' dir='ltr'><strong>justitiam</strong></span> <span class='ocrx_word' id='word_1_62' title='bbox 1422 1073 1807 1160; x_wconf 84' lang='lat' dir='ltr'><strong>petentibus</strong></span> <span class='ocrx_word' id='word_1_63' title='bbox 1883 1073 2317 1150; x_wconf 86' lang='lat' dir='ltr'><strong>ministrandi,</strong></span> <span class='ocrx_word' id='word_1_64' title='bbox 2392 1093 2472 1138; x_wconf 87' lang='lat' dir='ltr'><strong>ac</strong></span> <span class='ocrx_word' id='word_1_65' title='bbox 2531 1069 2661 1141; x_wconf 86' lang='lat' dir='ltr'><strong>alia</strong></span> 
     </span>
     <span class='ocr_line' id='line_1_10' title="bbox 282 1158 2662 1247; baseline -0.001 -22"><span class='ocrx_word' id='word_1_66' title='bbox 282 1158 513 1225; x_wconf 87' lang='lat' dir='ltr'><strong>omnia</strong></span> <span class='ocrx_word' id='word_1_67' title='bbox 554 1165 621 1224; x_wconf 87' lang='lat' dir='ltr'><strong>et</strong></span> <span class='ocrx_word' id='word_1_68' title='bbox 665 1159 929 1245; x_wconf 84' lang='lat' dir='ltr'><strong>singula</strong></span> <span class='ocrx_word' id='word_1_69' title='bbox 988 1158 1298 1239; x_wconf 88' lang='lat' dir='ltr'><strong>faciendi,</strong></span> <span class='ocrx_word' id='word_1_70' title='bbox 1360 1179 1531 1247; x_wconf 85' lang='lat' dir='ltr'><strong>quae</strong></span> <span class='ocrx_word' id='word_1_71' title='bbox 1591 1161 1659 1226; x_wconf 91' lang='lat' dir='ltr'><strong>in</strong></span> <span class='ocrx_word' id='word_1_72' title='bbox 1724 1159 2100 1246; x_wconf 76' lang='lat' dir='ltr'>praemissis</span> <span class='ocrx_word' id='word_1_73' title='bbox 2144 1166 2212 1225; x_wconf 87' lang='lat' dir='ltr'><strong>et</strong></span> <span class='ocrx_word' id='word_1_74' title='bbox 2255 1160 2434 1225; x_wconf 87' lang='lat' dir='ltr'><strong>circa</strong></span> <span class='ocrx_word' id='word_1_75' title='bbox 2477 1178 2662 1245; x_wconf 87' lang='lat' dir='ltr'><strong>prae·</strong></span> 
     </span>
     <span class='ocr_line' id='line_1_11' title="bbox 283 1245 2662 1333; baseline 0 -23"><span class='ocrx_word' id='word_1_76' title='bbox 283 1245 497 1310; x_wconf 87' lang='lat' dir='ltr'><strong>missa</strong></span> <span class='ocrx_word' id='word_1_77' title='bbox 539 1245 789 1312; x_wconf 84' lang='lat' dir='ltr'><strong>videris</strong></span> <span class='ocrx_word' id='word_1_78' title='bbox 834 1246 1168 1333; x_wconf 83' lang='lat' dir='ltr'><strong>expedire.</strong></span> <span class='ocrx_word' id='word_1_79' title='bbox 1265 1245 1586 1322; x_wconf 85' lang='lat' dir='ltr'><strong>Sciturus,</strong></span> <span class='ocrx_word' id='word_1_80' title='bbox 1652 1247 1829 1333; x_wconf 85' lang='lat' dir='ltr'><strong>quod</strong></span> <span class='ocrx_word' id='word_1_81' title='bbox 1890 1247 2264 1333; x_wconf 83' lang='lat' dir='ltr'><strong>quicunque</strong></span> <span class='ocrx_word' id='word_1_82' title='bbox 2327 1245 2410 1311; x_wconf 90' lang='lat' dir='ltr'><strong>de</strong></span> <span class='ocrx_word' id='word_1_83' title='bbox 2468 1245 2662 1310; x_wconf 88' lang='lat' dir='ltr'><strong>terris</strong></span> 
     </span>
     <span class='ocr_line' id='line_1_12' title="bbox 278 1329 2663 1419; baseline -0 -22"><span class='ocrx_word' id='word_1_84' title='bbox 278 1332 450 1419; x_wconf 87' lang='lat' dir='ltr'><strong>ipsis</strong></span> <span class='ocrx_word' id='word_1_85' title='bbox 498 1329 619 1396; x_wconf 88' lang='lat' dir='ltr'><strong>tibi</strong></span> <span class='ocrx_word' id='word_1_86' title='bbox 662 1340 733 1399; x_wconf 83' lang='lat' dir='ltr'><strong>et</strong></span> <span class='ocrx_word' id='word_1_87' title='bbox 772 1340 889 1399; x_wconf 86' lang='lat' dir='ltr'><strong>tuo</strong></span> <span class='ocrx_word' id='word_1_88' title='bbox 934 1333 1187 1401; x_wconf 79' lang='lat' dir='ltr'><strong>vicario</strong></span> <span class='ocrx_word' id='word_1_89' title='bbox 1231 1330 1614 1403; x_wconf 71' lang='lat' dir='ltr'><strong>obedientes</strong></span> <span class='ocrx_word' id='word_1_90' title='bbox 1635 1355 1654 1364; x_wconf 81' lang='lat'><strong>··</strong></span> <span class='ocrx_word' id='word_1_91' title='bbox 1674 1333 1936 1415; x_wconf 78' lang='lat' dir='ltr'><strong>fuerint,</strong></span> <span class='ocrx_word' id='word_1_92' title='bbox 1995 1331 2146 1401; x_wconf 87' lang='lat' dir='ltr'><strong>illos</strong></span> <span class='ocrx_word' id='word_1_93' title='bbox 2191 1333 2397 1400; x_wconf 86' lang='lat' dir='ltr'><strong>nostri</strong></span> <span class='ocrx_word' id='word_1_94' title='bbox 2439 1351 2663 1419; x_wconf 87' lang='lat' dir='ltr'><strong>prose-</strong></span> 
     </span>
     <span class='ocr_line' id='line_1_13' title="bbox 277 1418 2664 1506; baseline -0 -23"><span class='ocrx_word' id='word_1_95' title='bbox 277 1439 565 1506; x_wconf 84' lang='lat' dir='ltr'><strong>quemur</strong></span> <span class='ocrx_word' id='word_1_96' title='bbox 589 1421 1055 1505; x_wconf 83' lang='lat' dir='ltr'><strong>praerogativa</strong></span> <span class='ocrx_word' id='word_1_97' title='bbox 1079 1419 1325 1485; x_wconf 78' lang='lat' dir='ltr'><strong>favoris</strong></span> <span class='ocrx_word' id='word_1_98' title='bbox 1370 1427 1437 1486; x_wconf 89' lang='lat' dir='ltr'><strong>et</strong></span> <span class='ocrx_word' id='word_1_99' title='bbox 1476 1419 1561 1484; x_wconf 89' lang='lat' dir='ltr'><strong>ad</strong></span> <span class='ocrx_word' id='word_1_100' title='bbox 1608 1419 2053 1506; x_wconf 80' lang='lat' dir='ltr'><strong>promotiones</strong></span> <span class='ocrx_word' id='word_1_101' title='bbox 2099 1441 2179 1485; x_wconf 87' lang='lat' dir='ltr'><strong>ac</strong></span> <span class='ocrx_word' id='word_1_102' title='bbox 2225 1418 2664 1486; x_wconf 74' lang='lat' dir='ltr'><strong>exaltationes</strong></span> 
     </span>
     <span class='ocr_line' id='line_1_14' title="bbox 219 1504 2664 1592; baseline -0.001 -20"><span class='ocrx_word' id='word_1_103' title='bbox 219 1579 226 1586; x_wconf 52' lang='lat'>‚</span> <span class='ocrx_word' id='word_1_104' title='bbox 274 1507 577 1592; x_wconf 86' lang='lat' dir='ltr'><strong>ipsorum</strong></span> <span class='ocrx_word' id='word_1_105' title='bbox 646 1507 1139 1572; x_wconf 86' lang='lat' dir='ltr'><strong>munificentiae</strong></span> <span class='ocrx_word' id='word_1_106' title='bbox 1200 1513 1475 1572; x_wconf 67' lang='lat' dir='ltr'><strong>nostrae</strong></span> <span class='ocrx_word' id='word_1_107' title='bbox 1540 1506 1876 1572; x_wconf 84' lang='lat' dir='ltr'><strong>dexteram</strong></span> <span class='ocrx_word' id='word_1_108' title='bbox 1941 1504 2304 1572; x_wconf 79' lang='lat' dir='ltr'><strong>liberaliter</strong></span> <span class='ocrx_word' id='word_1_109' title='bbox 2347 1504 2664 1572; x_wconf 87' lang='lat' dir='ltr'><strong>extende·</strong></span> 
     </span>
     <span class='ocr_line' id='line_1_15' title="bbox 282 1591 2667 1680; baseline -0.002 -20"><span class='ocrx_word' id='word_1_110' title='bbox 282 1611 473 1673; x_wconf 87' lang='lat' dir='ltr'><strong>mus;</strong></span> <span class='ocrx_word' id='word_1_111' title='bbox 520 1591 580 1661; x_wconf 82' lang='lat' dir='ltr'><strong>si</strong></span> <span class='ocrx_word' id='word_1_112' title='bbox 623 1591 737 1680; x_wconf 81' lang='lat' dir='ltr'><strong>qui</strong></span> <span class='ocrx_word' id='word_1_113' title='bbox 783 1613 943 1659; x_wconf 84' lang='lat' dir='ltr'><strong>vero</strong></span> <span class='ocrx_word' id='word_1_114' title='bbox 988 1613 1217 1674; x_wconf 84' lang='lat' dir='ltr'><strong>eorum</strong></span> <span class='ocrx_word' id='word_1_115' title='bbox 1264 1593 1332 1680; x_wconf 75' lang='lat' dir='ltr'><strong>in</strong></span> <span class='ocrx_word' id='word_1_116' title='bbox 1393 1593 1830 1674; x_wconf 84' lang='lat' dir='ltr'><strong>contrarium,</strong></span> <span class='ocrx_word' id='word_1_117' title='bbox 1891 1591 2068 1680; x_wconf 80' lang='lat' dir='ltr'><strong>quod</strong></span> <span class='ocrx_word' id='word_1_118' title='bbox 2127 1613 2262 1661; x_wconf 88' lang='lat' dir='ltr'><strong>non</strong></span> <span class='ocrx_word' id='word_1_119' title='bbox 2321 1591 2667 1680; x_wconf 81' lang='lat' dir='ltr'><strong>credimus,</strong></span> 
     </span>
     <span class='ocr_line' id='line_1_16' title="bbox 284 1677 2740 1766; baseline 0.002 -22"><span class='ocrx_word' id='word_1_120' title='bbox 284 1679 607 1761; x_wconf 85' lang='lat' dir='ltr'><strong>facerent,</strong></span> <span class='ocrx_word' id='word_1_121' title='bbox 652 1687 943 1744; x_wconf 84' lang='lat' dir='ltr'><strong>nostram</strong></span> <span class='ocrx_word' id='word_1_122' title='bbox 1004 1687 1073 1746; x_wconf 87' lang='lat' dir='ltr'><strong>et</strong></span> <span class='ocrx_word' id='word_1_123' title='bbox 1136 1681 1344 1765; x_wconf 88' lang='lat' dir='ltr'><strong>ipsius</strong></span> <span class='ocrx_word' id='word_1_124' title='bbox 1404 1681 1666 1766; x_wconf 80' lang='lat' dir='ltr'><strong>imperii</strong></span> <span class='ocrx_word' id='word_1_125' title='bbox 1725 1677 2264 1766; x_wconf 69' lang='lat' dir='ltr'><strong>indignationem⁸</strong></span> <span class='ocrx_word' id='word_1_126' title='bbox 2307 1678 2673 1758; x_wconf 66' lang='lat' dir='ltr'><strong>incurrent,</strong></span> <span class='ocrx_word' id='word_1_127' title='bbox 2733 1744 2740 1754; x_wconf 88' lang='grc'><em>,</em></span> 
     </span>
     <span class='ocr_line' id='line_1_17' title="bbox 280 1762 2668 1854; baseline -0.001 -23"><span class='ocrx_word' id='word_1_128' title='bbox 280 1774 353 1832; x_wconf 88' lang='lat' dir='ltr'><strong>et</strong></span> <span class='ocrx_word' id='word_1_129' title='bbox 397 1785 523 1831; x_wconf 89' lang='lat' dir='ltr'><strong>nos</strong></span> <span class='ocrx_word' id='word_1_130' title='bbox 566 1763 1015 1848; x_wconf 88' lang='lat' dir='ltr'><strong>nihilominus,</strong></span> <span class='ocrx_word' id='word_1_131' title='bbox 1076 1787 1507 1854; x_wconf 85' lang='lat' dir='ltr'><strong>quascunque</strong></span> <span class='ocrx_word' id='word_1_132' title='bbox 1566 1768 1926 1833; x_wconf 84' lang='lat' dir='ltr'><strong>sententias</strong></span> <span class='ocrx_word' id='word_1_133' title='bbox 1987 1787 2114 1833; x_wconf 75' lang='lat' dir='ltr'><strong>seu·</strong></span> <span class='ocrx_word' id='word_1_134' title='bbox 2167 1785 2514 1852; x_wconf 75' lang='lat' dir='ltr'><strong>processus</strong></span> <span class='ocrx_word' id='word_1_135' title='bbox 2560 1762 2668 1830; x_wconf 86' lang='lat' dir='ltr'><strong>vel</strong></span> 
     </span>
     <span class='ocr_line' id='line_1_18' title="bbox 276 1849 2670 1940; baseline -0.001 -24"><span class='ocrx_word' id='word_1_136' title='bbox 276 1851 511 1916; x_wconf 87' lang='lat' dir='ltr'><strong>banna</strong></span> <span class='ocrx_word' id='word_1_137' title='bbox 555 1859 787 1919; x_wconf 87' lang='lat' dir='ltr'><strong>contra</strong></span> <span class='ocrx_word' id='word_1_138' title='bbox 831 1851 997 1920; x_wconf 86' lang='lat' dir='ltr'><strong>tales</strong></span> <span class='ocrx_word' id='word_1_139' title='bbox 1054 1849 1511 1920; x_wconf 83' lang='lat' dir='ltr'><strong>inobedientes</strong></span> <span class='ocrx_word' id='word_1_140' title='bbox 1571 1851 1804 1918; x_wconf 87' lang='lat' dir='ltr'><strong>tuleris</strong></span> <span class='ocrx_word' id='word_1_141' title='bbox 1865 1851 1972 1916; x_wconf 86' lang='lat' dir='ltr'><strong>vel</strong></span> <span class='ocrx_word' id='word_1_142' title='bbox 2032 1851 2288 1940; x_wconf 78' lang='lat' dir='ltr'><strong>feceris,</strong></span> <span class='ocrx_word' id='word_1_143' title='bbox 2351 1859 2467 1916; x_wconf 87' lang='lat' dir='ltr'><strong>aut</strong></span> <span class='ocrx_word' id='word_1_144' title='bbox 2510 1851 2670 1916; x_wconf 88' lang='lat' dir='ltr'><strong>ferri</strong></span> 
     </span>
     <span class='ocr_line' id='line_1_19' title="bbox 275 1935 2670 2020; baseline -0 -15"><span class='ocrx_word' id='word_1_145' title='bbox 275 1937 393 2005; x_wconf 82' lang='lat' dir='ltr'><strong>vel</strong></span> <span class='ocrx_word' id='word_1_146' title='bbox 439 1937 582 2004; x_wconf 86' lang='lat' dir='ltr'><strong>fieri</strong></span> <span class='ocrx_word' id='word_1_147' title='bbox 628 1937 1065 2020; x_wconf 81' lang='lat' dir='ltr'><strong>mandaveris,</strong></span> <span class='ocrx_word' id='word_1_148' title='bbox 1124 1935 1239 2004; x_wconf 90' lang='lat' dir='ltr'><strong>illa</strong></span> <span class='ocrx_word' id='word_1_149' title='bbox 1297 1939 1523 2008; x_wconf 75' lang='lat' dir='ltr'><strong>omnia</strong></span> <span class='ocrx_word' id='word_1_150' title='bbox 1581 1947 1726 2006; x_wconf 87' lang='lat' dir='ltr'><strong>rata</strong></span> <span class='ocrx_word' id='word_1_151' title='bbox 1785 1935 2174 2011; x_wconf 82' lang='lat' dir='ltr'><strong>habebimus</strong></span> <span class='ocrx_word' id='word_1_152' title='bbox 2235 1945 2316 2010; x_wconf 72' lang='lat' dir='ltr'><strong>et,</strong></span> <span class='ocrx_word' id='word_1_153' title='bbox 2347 1935 2670 2009; x_wconf 78' lang='lat' dir='ltr'><strong>faciemus</strong></span> 
     </span>
     <span class='ocr_line' id='line_1_20' title="bbox 278 2021 1419 2118; baseline -0.004 -24"><span class='ocrx_word' id='word_1_154' title='bbox 278 2021 765 2118; x_wconf 77' lang='lat' dir='ltr'><strong>inviolabiliter</strong></span> <span class='ocrx_word' id='word_1_155' title='bbox 807 2024 1167 2092; x_wconf 85' lang='lat' dir='ltr'><strong>observari.</strong></span> <span class='ocrx_word' id='word_1_156' title='bbox 1412 2023 1419 2030; x_wconf 83' lang='grc'><strong>’</strong></span> 
     </span>
    </p>
   </div>
   <div class='ocr_carea' id='block_1_3' title="bbox 1320 2219 1634 2234">
    <p class='ocr_par' dir='ltr' id='par_1_3' title="bbox 1320 2219 1634 2234">
     <span class='ocr_line' id='line_1_21' title="bbox 1320 2219 1634 2234; baseline 0 2783"><span class='ocrx_word' id='word_1_157' title='bbox 1320 2219 1634 2234; x_wconf 95' lang='lat' dir='ltr'><strong> </strong></span> 
     </span>
    </p>
   </div>
   <div class='ocr_carea' id='block_1_4' title="bbox 1334 2289 1515 2406">
    <p class='ocr_par' dir='ltr' id='par_1_4' title="bbox 1334 2289 1515 2406">
     <span class='ocr_line' id='line_1_22' title="bbox 1334 2289 1515 2406; baseline -0.011 0"><span class='ocrx_word' id='word_1_158' title='bbox 1334 2289 1341 2298; x_wconf 60' lang='grc'><strong>’</strong></span> <span class='ocrx_word' id='word_1_159' title='bbox 1416 2339 1515 2406; x_wconf 68' lang='grc'><strong>97-</strong></span> 
     </span>
    </p>
   </div>
   <div class='ocr_carea' id='block_1_5' title="bbox 299 2429 2680 2664">
    <p class='ocr_par' dir='ltr' id='par_1_5' title="bbox 299 2429 2680 2664">
     <span class='ocr_line' id='line_1_23' title="bbox 299 2429 2680 2664; baseline -0.001 -104"><span class='ocrx_word' id='word_1_160' title='bbox 299 2433 764 2561; x_wconf 33' lang='lat' dir='ltr'><strong>‘wenceslai</strong></span> <span class='ocrx_word' id='word_1_161' title='bbox 811 2429 922 2560; x_wconf 71' lang='grc' dir='ltr'><strong>Π.Δ</strong></span> <span class='ocrx_word' id='word_1_162' title='bbox 961 2457 1072 2630; x_wconf 63' lang='lat' dir='ltr'><strong>&#39;de</strong></span> <span class='ocrx_word' id='word_1_163' title='bbox 1114 2443 1920 2664; x_wconf 42' lang='lat' dir='ltr'><strong>Drffigffissssffldrg</strong></span> <span class='ocrx_word' id='word_1_164' title='bbox 1963 2542 1970 2556; x_wconf 86' lang='grc'><strong>.</strong></span> <span class='ocrx_word' id='word_1_165' title='bbox 2007 2480 2090 2562; x_wconf 83' lang='lat' dir='ltr'><strong>et</strong></span> <span class='ocrx_word' id='word_1_166' title='bbox 2149 2439 2414 2560; x_wconf 76' lang='lat' dir='ltr'><strong>Donin.</strong></span> <span class='ocrx_word' id='word_1_167' title='bbox 2469 2440 2680 2558; x_wconf 50' lang='lat' dir='ltr'><strong>inve*</strong></span> 
     </span>
    </p>
   </div>
   <div class='ocr_carea' id='block_1_6' title="bbox 1158 2677 1818 2809">
    <p class='ocr_par' dir='ltr' id='par_1_6' title="bbox 1158 2677 1818 2809">
     <span class='ocr_line' id='line_1_24' title="bbox 1158 2677 1818 2809; baseline 0.002 -25"><span class='ocrx_word' id='word_1_168' title='bbox 1158 2677 1347 2801; x_wconf 69' lang='lat'><strong>1300,</strong></span> <span class='ocrx_word' id='word_1_169' title='bbox 1401 2719 1499 2786; x_wconf 88' lang='lat'><strong>19.</strong></span> <span class='ocrx_word' id='word_1_170' title='bbox 1545 2708 1818 2809; x_wconf 50' lang='lat' dir='ltr'><strong>Apsilia.</strong></span> 
     </span>
    </p>
   </div>
   <div class='ocr_carea' id='block_1_7' title="bbox 282 2867 2675 3082">
    <p class='ocr_par' dir='ltr' id='par_1_7' title="bbox 282 2867 2675 3082">
     <span class='ocr_line' id='line_1_25' title="bbox 501 2867 2675 2944; baseline -0 -17"><span class='ocrx_word' id='word_1_171' title='bbox 501 2873 865 2944; x_wconf 77' lang='lat' dir='ltr'><strong>Archetypum</strong></span> <span class='ocrx_word' id='word_1_172' title='bbox 897 2873 1063 2942; x_wconf 69' lang='lat' dir='ltr'><strong>&#39;hujus</strong></span> <span class='ocrx_word' id='word_1_173' title='bbox 1100 2872 1407 2943; x_wconf 77' lang='lat' dir='ltr'><strong>diplomatis</strong></span> <span class='ocrx_word' id='word_1_174' title='bbox 1440 2876 1497 2926; x_wconf 83' lang='lat' dir='ltr'><strong>in</strong></span> <span class='ocrx_word' id='word_1_175' title='bbox 1536 2867 1756 2938; x_wconf 70' lang='lat' dir='ltr'><strong>archivo</strong></span> <span class='ocrx_word' id='word_1_176' title='bbox 1789 2875 2073 2942; x_wconf 81' lang='lat' dir='ltr'><strong>principali</strong></span> <span class='ocrx_word' id='word_1_177' title='bbox 2125 2872 2554 2942; x_wconf 70' lang='lat' dir='ltr'><strong>regio-saxonico</strong></span> <span class='ocrx_word' id='word_1_178' title='bbox 2590 2890 2675 2926; x_wconf 69' lang='lat' dir='ltr'><strong>as-</strong></span> 
     </span>
     <span class='ocr_line' id='line_1_26' title="bbox 286 2943 2671 3013; baseline -0.002 -15"><span class='ocrx_word' id='word_1_179' title='bbox 286 2950 566 3013; x_wconf 69' lang='lat' dir='ltr'><strong>servatur-3</strong></span> <span class='ocrx_word' id='word_1_180' title='bbox 601 2947 745 3013; x_wconf 68' lang='lat' dir='ltr'><strong>typis</strong></span> <span class='ocrx_word' id='word_1_181' title='bbox 778 2947 1071 2997; x_wconf 73' lang='lat' dir='ltr'><strong>novissime</strong></span> <span class='ocrx_word' id='word_1_182' title='bbox 1108 2945 1428 3012; x_wconf 77' lang='lat' dir='ltr'><strong>exscriptum</strong></span> <span class='ocrx_word' id='word_1_183' title='bbox 1464 2947 1521 2994; x_wconf 86' lang='lat' dir='ltr'><strong>in</strong></span> <span class='ocrx_word' id='word_1_184' title='bbox 1536 2949 1543 2957; x_wconf 82' lang='lat'><strong>‘</strong></span> <span class='ocrx_word' id='word_1_185' title='bbox 1559 2943 1848 2997; x_wconf 79' lang='lat' dir='ltr'><strong>Gersdor&#39;fii</strong></span> <span class='ocrx_word' id='word_1_186' title='bbox 1885 2943 2362 3006; x_wconf 77' lang='lat' dir='ltr'><strong>„Urkundenbnoh</strong></span> <span class='ocrx_word' id='word_1_187' title='bbox 2381 2943 2476 2995; x_wconf 67' lang='lat' dir='ltr'><strong>des</strong></span> <span class='ocrx_word' id='word_1_188' title='bbox 2489 2943 2671 2994; x_wconf 30' lang='lat' dir='ltr'><strong>Hocbv-</strong></span> 
     </span>
     <span class='ocr_line' id='line_1_27' title="bbox 282 3014 2668 3082; baseline -0.003 -14"><span class='ocrx_word' id='word_1_189' title='bbox 282 3015 459 3068; x_wconf 75' lang='lat' dir='ltr'><strong>stiftes</strong></span> <span class='ocrx_word' id='word_1_190' title='bbox 494 3015 762 3067; x_wconf 72' lang='lat' dir='ltr'><strong>Meissen⁸⁸</strong></span> <span class='ocrx_word' id='word_1_191' title='bbox 800 3016 845 3066; x_wconf 90' lang='lat'><strong>1.</strong></span> <span class='ocrx_word' id='word_1_192' title='bbox 880 3015 947 3067; x_wconf 74' lang='lat' dir='ltr'><strong>N.</strong></span> <span class='ocrx_word' id='word_1_193' title='bbox 985 3017 1087 3067; x_wconf 81' lang='lat'><strong>335</strong></span> <span class='ocrx_word' id='word_1_194' title='bbox 1124 3015 1323 3082; x_wconf 77' lang='lat' dir='ltr'><strong>legitur</strong></span> <span class='ocrx_word' id='word_1_195' title='bbox 1360 3014 1468 3081; x_wconf 74' lang='lat' dir='ltr'><strong>(Of.</strong></span> <span class='ocrx_word' id='word_1_196' title='bbox 1500 3029 1668 3082; x_wconf 75' lang='lat' dir='ltr'><strong>supra</strong></span> <span class='ocrx_word' id='word_1_197' title='bbox 1703 3015 2014 3081; x_wconf 54' lang='lat' dir='ltr'><strong>uum-82).</strong></span> <span class='ocrx_word' id='word_1_198' title='bbox 2559 3044 2561 3046; x_wconf 92' lang='lat'><em>-</em></span> <span class='ocrx_word' id='word_1_199' title='bbox 2660 3016 2668 3027; x_wconf 88' lang='grc'>’</span> 
     </span>
    </p>
   </div>
   <div class='ocr_carea' id='block_1_8' title="bbox 190 3131 2681 4351">
    <p class='ocr_par' dir='ltr' id='par_1_8' title="bbox 294 3131 2672 3307">
     <span class='ocr_line' id='line_1_28' title="bbox 471 3131 2672 3220; baseline -0.001 -20"><span class='ocrx_word' id='word_1_200' title='bbox 471 3135 611 3200; x_wconf 83' lang='lat' dir='ltr'><strong>Nos</strong></span> <span class='ocrx_word' id='word_1_201' title='bbox 657 3133 1091 3202; x_wconf 81' lang='lat' dir='ltr'><strong>wenceslaus</strong></span> <span class='ocrx_word' id='word_1_202' title='bbox 1135 3134 1265 3199; x_wconf 89' lang='lat' dir='ltr'><strong>Dei</strong></span> <span class='ocrx_word' id='word_1_203' title='bbox 1308 3135 1522 3220; x_wconf 84' lang='lat' dir='ltr'><strong>gratia</strong></span> <span class='ocrx_word' id='word_1_204' title='bbox 1566 3155 1687 3199; x_wconf 84' lang='lat' dir='ltr'><strong>rex</strong></span> <span class='ocrx_word' id='word_1_205' title='bbox 1731 3133 2065 3216; x_wconf 88' lang='lat' dir='ltr'><strong>Boemiae,</strong></span> <span class='ocrx_word' id='word_1_206' title='bbox 2127 3131 2266 3198; x_wconf 88' lang='lat' dir='ltr'><strong>dux</strong></span> <span class='ocrx_word' id='word_1_207' title='bbox 2309 3132 2672 3200; x_wconf 75' lang='lat' dir='ltr'><strong>cracoviae</strong></span> 
     </span>
     <span class='ocr_line' id='line_1_29' title="bbox 294 3219 1782 3307; baseline -0.003 -19"><span class='ocrx_word' id='word_1_208' title='bbox 294 3232 363 3288; x_wconf 90' lang='lat' dir='ltr'><strong>et</strong></span> <span class='ocrx_word' id='word_1_209' title='bbox 410 3220 909 3304; x_wconf 86' lang='lat' dir='ltr'><strong>Sandomeriae,</strong></span> <span class='ocrx_word' id='word_1_210' title='bbox 952 3219 1375 3307; x_wconf 86' lang='lat' dir='ltr'><strong>marchioque</strong></span> <span class='ocrx_word' id='word_1_211' title='bbox 1422 3221 1782 3286; x_wconf 83' lang='lat' dir='ltr'><strong>Moraviae.</strong></span> 
     </span>
    </p>

    <p class='ocr_par' dir='ltr' id='par_1_9' title="bbox 190 3304 2681 4351">
     <span class='ocr_line' id='line_1_30' title="bbox 471 3304 2681 3393; baseline -0.002 -21"><span class='ocrx_word' id='word_1_212' title='bbox 471 3308 718 3374; x_wconf 86' lang='lat' dir='ltr'><strong>Notum</strong></span> <span class='ocrx_word' id='word_1_213' title='bbox 779 3307 1059 3374; x_wconf 87' lang='lat' dir='ltr'><strong>facimus</strong></span> <span class='ocrx_word' id='word_1_214' title='bbox 1138 3307 1468 3391; x_wconf 81' lang='lat' dir='ltr'><strong>universis</strong></span> <span class='ocrx_word' id='word_1_215' title='bbox 1533 3313 1920 3393; x_wconf 84' lang='lat' dir='ltr'><strong>praesentes</strong></span> <span class='ocrx_word' id='word_1_216' title='bbox 1978 3304 2207 3370; x_wconf 80' lang='lat' dir='ltr'><strong>literas</strong></span> <span class='ocrx_word' id='word_1_217' title='bbox 2267 3305 2681 3390; x_wconf 87' lang='lat' dir='ltr'><strong>inspecturis,</strong></span> 
     </span>
     <span class='ocr_line' id='line_1_31' title="bbox 296 3390 2678 3482; baseline -0.001 -22"><span class='ocrx_word' id='word_1_218' title='bbox 296 3393 477 3482; x_wconf 85' lang='lat' dir='ltr'><strong>quod</strong></span> <span class='ocrx_word' id='word_1_219' title='bbox 522 3416 645 3460; x_wconf 87' lang='lat' dir='ltr'><strong>nos</strong></span> <span class='ocrx_word' id='word_1_220' title='bbox 690 3394 978 3460; x_wconf 83' lang='lat' dir='ltr'><strong>civitatis</strong></span> <span class='ocrx_word' id='word_1_221' title='bbox 1021 3393 1352 3476; x_wconf 89' lang='lat' dir='ltr'><strong>Dresden,</strong></span> <span class='ocrx_word' id='word_1_222' title='bbox 1415 3395 1616 3458; x_wconf 84' lang='lat' dir='ltr'><strong>castri</strong></span> <span class='ocrx_word' id='word_1_223' title='bbox 1664 3392 1911 3458; x_wconf 88' lang='lat' dir='ltr'><strong>ibidem</strong></span> <span class='ocrx_word' id='word_1_224' title='bbox 1959 3413 2106 3456; x_wconf 88' lang='lat' dir='ltr'><strong>cum</strong></span> <span class='ocrx_word' id='word_1_225' title='bbox 2147 3390 2425 3479; x_wconf 87' lang='lat' dir='ltr'><strong>judicio,</strong></span> <span class='ocrx_word' id='word_1_226' title='bbox 2469 3391 2678 3458; x_wconf 88' lang='lat' dir='ltr'><strong>homi-</strong></span> 
     </span>
     <span class='ocr_line' id='line_1_32' title="bbox 292 3475 2681 3569; baseline -0.003 -21"><span class='ocrx_word' id='word_1_227' title='bbox 292 3481 495 3548; x_wconf 87' lang='lat' dir='ltr'><strong>nibus</strong></span> <span class='ocrx_word' id='word_1_228' title='bbox 523 3500 601 3546; x_wconf 85' lang='lat' dir='ltr'><strong>ac</strong></span> <span class='ocrx_word' id='word_1_229' title='bbox 625 3479 809 3548; x_wconf 74' lang='lat' dir='ltr'><strong>silva·</strong></span> <span class='ocrx_word' id='word_1_230' title='bbox 842 3481 1207 3567; x_wconf 74' lang='lat' dir='ltr'><strong>ceterisque</strong></span> <span class='ocrx_word' id='word_1_231' title='bbox 1251 3481 1668 3566; x_wconf 75' lang='lat' dir='ltr'><strong>pertinentiis</strong></span> <span class='ocrx_word' id='word_1_232' title='bbox 1714 3481 1798 3550; x_wconf 81' lang='lat' dir='ltr'><strong>ad</strong></span> <span class='ocrx_word' id='word_1_233' title='bbox 1845 3498 1994 3547; x_wconf 84' lang='lat' dir='ltr'><strong>eam</strong></span> <span class='ocrx_word' id='word_1_234' title='bbox 2036 3475 2510 3569; x_wconf 63' lang='lat' dir='ltr'><strong>spectantibus,</strong></span> <span class='ocrx_word' id='word_1_235' title='bbox 2556 3501 2681 3542; x_wconf 74' lang='lat' dir='ltr'><strong>nec-</strong></span> 
     </span>
     <span class='ocr_line' id='line_1_33' title="bbox 292 3565 2678 3651; baseline -0.003 -17"><span class='ocrx_word' id='word_1_236' title='bbox 292 3591 427 3634; x_wconf 78' lang='lat' dir='ltr'><strong>non</strong></span> <span class='ocrx_word' id='word_1_237' title='bbox 478 3568 676 3633; x_wconf 84' lang='lat' dir='ltr'><strong>castri</strong></span> <span class='ocrx_word' id='word_1_238' title='bbox 720 3565 1093 3648; x_wconf 86' lang='lat' dir='ltr'><strong>Radberch,</strong></span> <span class='ocrx_word' id='word_1_239' title='bbox 1152 3565 1489 3639; x_wconf 83' lang='lat' dir='ltr'><strong>Fridwald</strong></span> <span class='ocrx_word' id='word_1_240' title='bbox 1518 3621 1524 3626; x_wconf 84' lang='lat'><strong>.</strong></span> <span class='ocrx_word' id='word_1_241' title='bbox 1552 3565 1762 3633; x_wconf 84' lang='lat' dir='ltr'><strong>silvae</strong></span> <span class='ocrx_word' id='word_1_242' title='bbox 1807 3587 1888 3630; x_wconf 91' lang='lat' dir='ltr'><strong>ac</strong></span> <span class='ocrx_word' id='word_1_243' title='bbox 1932 3565 2179 3651; x_wconf 86' lang='lat' dir='ltr'><strong>Donyn</strong></span> <span class='ocrx_word' id='word_1_244' title='bbox 2225 3565 2424 3631; x_wconf 87' lang='lat' dir='ltr'><strong>castri</strong></span> <span class='ocrx_word' id='word_1_245' title='bbox 2470 3565 2678 3628; x_wconf 87' lang='lat' dir='ltr'><strong>infeu-</strong></span> 
     </span>
     <span class='ocr_line' id='line_1_34' title="bbox 292 3651 2678 3737; baseline -0.002 -17"><span class='ocrx_word' id='word_1_246' title='bbox 292 3657 428 3720; x_wconf 87' lang='lat' dir='ltr'><strong>dati</strong></span> <span class='ocrx_word' id='word_1_247' title='bbox 479 3675 627 3720; x_wconf 90' lang='lat' dir='ltr'><strong>cum</strong></span> <span class='ocrx_word' id='word_1_248' title='bbox 672 3652 1071 3736; x_wconf 90' lang='lat' dir='ltr'><strong>hominibus,</strong></span> <span class='ocrx_word' id='word_1_249' title='bbox 1117 3651 1295 3718; x_wconf 84' lang='lat' dir='ltr'><strong>villis</strong></span> <span class='ocrx_word' id='word_1_250' title='bbox 1339 3675 1419 3721; x_wconf 88' lang='lat' dir='ltr'><strong>ac</strong></span> <span class='ocrx_word' id='word_1_251' title='bbox 1463 3651 1616 3719; x_wconf 86' lang='lat' dir='ltr'><strong>aliis</strong></span> <span class='ocrx_word' id='word_1_252' title='bbox 1659 3651 2076 3736; x_wconf 81' lang='lat' dir='ltr'><strong>utilitatibus,</strong></span> <span class='ocrx_word' id='word_1_253' title='bbox 2111 3651 2377 3737; x_wconf 88' lang='lat' dir='ltr'><strong>juribus</strong></span> <span class='ocrx_word' id='word_1_254' title='bbox 2423 3658 2490 3718; x_wconf 88' lang='lat' dir='ltr'><strong>et</strong></span> <span class='ocrx_word' id='word_1_255' title='bbox 2533 3672 2678 3737; x_wconf 91' lang='lat' dir='ltr'><strong>per-</strong></span> 
     </span>
     <span class='ocr_line' id='line_1_35' title="bbox 266 3737 2672 3823; baseline -0.003 -17"><span class='ocrx_word' id='word_1_256' title='bbox 266 3741 591 3814; x_wconf 75' lang='lat' dir='ltr'><strong>‘tinentiis</strong></span> <span class='ocrx_word' id='word_1_257' title='bbox 636 3739 998 3812; x_wconf 80' lang='lat' dir='ltr'><strong>eorundem</strong></span> <span class='ocrx_word' id='word_1_258' title='bbox 1062 3761 1141 3804; x_wconf 89' lang='lat' dir='ltr'><strong>ac</strong></span> <span class='ocrx_word' id='word_1_259' title='bbox 1193 3737 1477 3809; x_wconf 69' lang='lat' dir='ltr'><strong>aliorum</strong></span> <span class='ocrx_word' id='word_1_260' title='bbox 1514 3737 1852 3810; x_wconf 79' lang='lat' dir='ltr'><strong>bonorum</strong></span> <span class='ocrx_word' id='word_1_261' title='bbox 1916 3739 2209 3806; x_wconf 73' lang='lat' dir='ltr'><strong>omnium</strong></span> <span class='ocrx_word' id='word_1_262' title='bbox 2275 3737 2672 3823; x_wconf 82' lang='lat' dir='ltr'><strong>ubicumque</strong></span> 
     </span>
     <span class='ocr_line' id='line_1_36' title="bbox 291 3823 2680 3912; baseline -0.002 -20"><span class='ocrx_word' id='word_1_263' title='bbox 291 3830 366 3892; x_wconf 78' lang='lat' dir='ltr'><strong>in</strong></span> <span class='ocrx_word' id='word_1_264' title='bbox 407 3836 587 3892; x_wconf 76' lang='lat' dir='ltr'><strong>terra</strong></span> <span class='ocrx_word' id='word_1_265' title='bbox 614 3825 952 3892; x_wconf 35' lang='lat' dir='ltr'><strong>&#39;Misnensi</strong></span> <span class='ocrx_word' id='word_1_266' title='bbox 998 3827 1386 3902; x_wconf 80' lang='lat' dir='ltr'><strong>sistentium,</strong></span> <span class='ocrx_word' id='word_1_267' title='bbox 1449 3847 1618 3912; x_wconf 87' lang='lat' dir='ltr'><strong>quae</strong></span> <span class='ocrx_word' id='word_1_268' title='bbox 1677 3824 1764 3890; x_wconf 86' lang='lat' dir='ltr'><strong>ab</strong></span> <span class='ocrx_word' id='word_1_269' title='bbox 1822 3825 2209 3911; x_wconf 86' lang='lat' dir='ltr'><strong>episcopatu</strong></span> <span class='ocrx_word' id='word_1_270' title='bbox 2270 3834 2336 3888; x_wconf 87' lang='lat' dir='ltr'><strong>et</strong></span> <span class='ocrx_word' id='word_1_271' title='bbox 2388 3823 2680 3889; x_wconf 61' lang='lat' dir='ltr'><strong>»ecclesia</strong></span> 
     </span>
     <span class='ocr_line' id='line_1_37' title="bbox 293 3909 2678 4002; baseline -0.003 -20"><span class='ocrx_word' id='word_1_272' title='bbox 293 3912 614 3982; x_wconf 80' lang='lat' dir='ltr'><strong>Misnensi</strong></span> <span class='ocrx_word' id='word_1_273' title='bbox 660 3933 781 3978; x_wconf 84' lang='lat' dir='ltr'><strong>suo</strong></span> <span class='ocrx_word' id='word_1_274' title='bbox 826 3921 891 3978; x_wconf 91' lang='lat' dir='ltr'><strong>et</strong></span> <span class='ocrx_word' id='word_1_275' title='bbox 933 3913 1144 4002; x_wconf 82' lang='lat' dir='ltr'><strong>ipsius</strong></span> <span class='ocrx_word' id='word_1_276' title='bbox 1190 3911 1513 3977; x_wconf 85' lang='lat' dir='ltr'><strong>ecclesiae</strong></span> <span class='ocrx_word' id='word_1_277' title='bbox 1575 3912 1842 3977; x_wconf 86' lang='lat' dir='ltr'><strong>nomine</strong></span> <span class='ocrx_word' id='word_1_278' title='bbox 1910 3931 2028 3998; x_wconf 81' lang='lat' dir='ltr'><strong>pro</strong></span> <span class='ocrx_word' id='word_1_279' title='bbox 2087 3909 2282 3975; x_wconf 87' lang='lat' dir='ltr'><strong>nobis</strong></span> <span class='ocrx_word' id='word_1_280' title='bbox 2327 3919 2394 3975; x_wconf 86' lang='lat' dir='ltr'><strong>et</strong></span> <span class='ocrx_word' id='word_1_281' title='bbox 2437 3909 2678 3974; x_wconf 82' lang='lat' dir='ltr'><strong>illustri</strong></span> 
     </span>
     <span class='ocr_line' id='line_1_38' title="bbox 190 3995 2677 4084; baseline -0.002 -19"><span class='ocrx_word' id='word_1_282' title='bbox 190 4046 203 4051; x_wconf 92' lang='lat'>-</span> <span class='ocrx_word' id='word_1_283' title='bbox 295 3997 697 4084; x_wconf 77' lang='lat' dir='ltr'><strong>Wenceslao</strong></span> <span class='ocrx_word' id='word_1_284' title='bbox 744 3995 881 4065; x_wconf 85' lang='lat' dir='ltr'><strong>filio</strong></span> <span class='ocrx_word' id='word_1_285' title='bbox 928 4007 1150 4066; x_wconf 86' lang='lat' dir='ltr'><strong>nostro</strong></span> <span class='ocrx_word' id='word_1_286' title='bbox 1197 3999 1559 4080; x_wconf 81' lang='lat' dir='ltr'><strong>carissimo,</strong></span> <span class='ocrx_word' id='word_1_287' title='bbox 1603 4008 1800 4084; x_wconf 82' lang='lat' dir='ltr'><strong>prout</strong></span> <span class='ocrx_word' id='word_1_288' title='bbox 1833 3996 2010 4083; x_wconf 86' lang='lat' dir='ltr'><strong>juris</strong></span> <span class='ocrx_word' id='word_1_289' title='bbox 2057 4007 2122 4062; x_wconf 88' lang='lat' dir='ltr'><strong>et</strong></span> <span class='ocrx_word' id='word_1_290' title='bbox 2167 3995 2370 4076; x_wconf 75' lang='lat' dir='ltr'><strong>morie</strong></span> <span class='ocrx_word' id='word_1_291' title='bbox 2418 4005 2536 4082; x_wconf 87' lang='lat' dir='ltr'><strong>est,</strong></span> <span class='ocrx_word' id='word_1_292' title='bbox 2581 4017 2677 4064; x_wconf 89' lang='lat' dir='ltr'><strong>re-</strong></span> 
     </span>
     <span class='ocr_line' id='line_1_39' title="bbox 296 4077 2677 4175; baseline -0.003 -23"><span class='ocrx_word' id='word_1_293' title='bbox 296 4087 729 4175; x_wconf 81' lang='lat' dir='ltr'><strong>quisivimus,.</strong></span> <span class='ocrx_word' id='word_1_294' title='bbox 756 4087 1113 4172; x_wconf 79' lang='lat' dir='ltr'><strong>petivimus</strong></span> <span class='ocrx_word' id='word_1_295' title='bbox 1156 4095 1225 4152; x_wconf 88' lang='lat' dir='ltr'><strong>et</strong></span> <span class='ocrx_word' id='word_1_296' title='bbox 1266 4085 1647 4170; x_wconf 87' lang='lat' dir='ltr'><strong>recipimus,</strong></span> <span class='ocrx_word' id='word_1_297' title='bbox 1694 4082 2224 4170; x_wconf 83' lang='lat' dir='ltr'><strong>praesentialiter</strong></span> <span class='ocrx_word' id='word_1_298' title='bbox 2268 4077 2498 4150; x_wconf 81' lang='lat' dir='ltr'><strong>eodem</strong></span> <span class='ocrx_word' id='word_1_299' title='bbox 2543 4083 2677 4170; x_wconf 82' lang='lat' dir='ltr'><strong>epi-</strong></span> 
     </span>
     <span class='ocr_line' id='line_1_40' title="bbox 296 4168 2680 4260; baseline 0 -22"><span class='ocrx_word' id='word_1_300' title='bbox 296 4195 497 4260; x_wconf 81' lang='lat' dir='ltr'><strong>scopo</strong></span> <span class='ocrx_word' id='word_1_301' title='bbox 540 4192 663 4238; x_wconf 75' lang='lat' dir='ltr'><strong>nos</strong></span> <span class='ocrx_word' id='word_1_302' title='bbox 706 4173 1103 4237; x_wconf 73' lang='lat' dir='ltr'><strong>investiente</strong></span> <span class='ocrx_word' id='word_1_303' title='bbox 1146 4193 1268 4258; x_wconf 84' lang='lat' dir='ltr'><strong>per</strong></span> <span class='ocrx_word' id='word_1_304' title='bbox 1308 4191 1498 4238; x_wconf 78' lang='lat' dir='ltr'><strong>suum</strong></span> <span class='ocrx_word' id='word_1_305' title='bbox 1526 4171 1870 4256; x_wconf 81' lang='lat' dir='ltr'><strong>capucium</strong></span> <span class='ocrx_word' id='word_1_306' title='bbox 1919 4169 2005 4237; x_wconf 85' lang='lat' dir='ltr'><strong>de</strong></span> <span class='ocrx_word' id='word_1_307' title='bbox 2047 4172 2320 4253; x_wconf 78' lang='lat' dir='ltr'><strong>eisdem,</strong></span> <span class='ocrx_word' id='word_1_308' title='bbox 2365 4168 2680 4239; x_wconf 67' lang='lat' dir='ltr'><strong>adhibitis</strong></span> 
     </span>
     <span class='ocr_line' id='line_1_41' title="bbox 302 4256 2436 4351; baseline -0.002 -25"><span class='ocrx_word' id='word_1_309' title='bbox 302 4258 881 4348; x_wconf 77' lang='lat' dir='ltr'><strong>solempnitatibus</strong></span> <span class='ocrx_word' id='word_1_310' title='bbox 928 4258 1076 4323; x_wconf 83' lang='lat' dir='ltr'><strong>aliis</strong></span> <span class='ocrx_word' id='word_1_311' title='bbox 1121 4259 1190 4324; x_wconf 89' lang='lat' dir='ltr'><strong>in</strong></span> <span class='ocrx_word' id='word_1_312' title='bbox 1225 4256 1487 4351; x_wconf 17' lang='lat' dir='ltr'><strong>,talibus</strong></span> <span class='ocrx_word' id='word_1_313' title='bbox 1538 4259 1890 4326; x_wconf 81' lang='lat' dir='ltr'><strong>consuetis.</strong></span> <span class='ocrx_word' id='word_1_314' title='bbox 2007 4325 2016 4329; x_wconf 76' lang='grc'>,</span> <span class='ocrx_word' id='word_1_315' title='bbox 2085 4276 2092 4286; x_wconf 87' lang='lat'><strong>·</strong></span> <span class='ocrx_word' id='word_1_316' title='bbox 2431 4272 2436 4285; x_wconf 90' lang='grc'>·</span> 
     </span>
    </p>
   </div>
   <div class='ocr_carea' id='block_1_9' title="bbox 3142 35 3147 700">
    <p class='ocr_par' dir='ltr' id='par_1_10' title="bbox 3142 35 3147 700">
     <span class='ocr_line' id='line_1_42' title="bbox 3142 35 3147 700; baseline 0 0"><span class='ocrx_word' id='word_1_317' title='bbox 3142 35 3147 700; x_wconf 95' lang='lat' dir='ltr'><strong> </strong></span> 
     </span>
    </p>
   </div>
  </div>
 </body>
</html>
