3150 5017
521 340 776 387 man.
1473 317 1957 385 —332—

525 489 724 557 Unde
770 490 1072 576 quotiens
1118 486 1430 576 deinceps
1472 489 1651 555 lanei
1694 490 1925 555 civiles
1966 497 2153 554 tanto
2194 498 2491 574 tempore
2530 484 2749 551 inculti
2784 504 2869 550 rs·

525 584 907 659 manserint,
962 575 1137 662 quod
1198 574 1416 641 debite
1479 577 1675 641 nobis
1732 575 2232 663 adjudicentur:
2280 573 2363 639 de
2404 572 2568 660 ipsis
2612 573 2767 637 sicut
2802 572 2870 635 de

527 663 737 731 laneis
798 663 946 729 aliis
1005 662 1448 749 praecipimus
1501 662 1831 750 judicium
1876 665 2213 743 exerceri3
2271 681 2424 726 nam
2492 660 2610 725 ubi
2666 657 2869 724 eadem

527 759 627 817 est
683 752 871 827 ratio,
926 759 993 815 et
1051 749 1228 814 idem
1279 750 1394 833 jus
1453 750 1877 815 statuendum
1937 760 2055 815 est.
2142 753 2207 831 ἓ.
2256 750 2358 814 11.
2402 746 2539 812 Sed
2584 747 2640 812 si
2678 745 2873 809 laneos

528 858 682 903 suos
727 837 1030 902 excolere
1067 836 1273 921 jurati
1319 835 1673 919 voluerint,
1722 837 1941 902 statim
1986 858 2137 901 cum
2181 835 2419 907 vicinis
2465 832 2604 897 suis
2647 842 2869 897 center-2

525 924 839 1000 minax-iis,
905 924 1018 1010 qui
1075 926 1229 1007 jure
1295 924 1659 1008 praemisso
1732 944 1885 989 suas
1948 923 2359 1007 susceperint
2422 920 2868 993 concessiones,

523 1032 762 1097 aquam
821 1010 1142 1158 incipiant
1185 1010 1569 1091 exhaurir03
1632 1010 1924 1097 alioquin
1986 1009 2067 1074 de
2125 1011 2297 1095 ipsis,
2331 1004 2875 1093 conquerentibus,

523 1098 695 1163 sicut
768 1097 855 1161 de
912 1118 951 1159 a
981 1096 1082 1177 iis,
1125 1094 1244 1160 fiat
1278 1097 1576 1180 justitiae
1624 1095 2195 1182 complementum.
2284 1099 2348 1177 ἓ.
2402 1094 2501 1158 12.
2536 1093 2737 1159 ·Vere
2772 1111 2875 1155 nec

509 1184 884 1265 juratorum
911 1184 1216 1267 congruit
1237 1185 1570 1269 aequitati,
1618 1184 1937 1264 homines,
1985 1184 2097 1269 qui
2140 1181 2317 1246 bona
2360 1180 2491 1245 fide
2518 1179 2875 1261 sine-cujum

525 1271 678 1334 dam
749 1268 1265 1335 contradictione
1326 1273 1465 1355 jam
1524 1291 1645 1357 per
1698 1280 1835 1335 tres
1896 1292 2107 1335 annos
2152 1277 2267 1334 aut
2309 1267 2534 1353 plures-
2576 1265 2685 1331 vel
2724 1270 2869 1352 pau·

520 1359 730 1423 ciores
786 1357 858 1421 in
917 1376 1036 1421 suo
1096 1357 1532 1440 argentifodio
1594 1356 2081 1431 laboraverunt,
2143 1365 2209 1421 et
2266 1364 2429 1419 tunc
2485 1354 2697 1439 primo
2738 1370 2872 1416 cum

519 1442 858 1509 metallum
901 1444 1316 1526 invenerunt,
1381 1445 1696 1529 impetere
1740 1453 1855 1508 aut
1897 1465 1939 1506 a
1984 1445 2121 1507 suis
2156 1439 2421 1528 juribus
2463 1439 2881 1517 submover03

520 1553 670 1597 cum
729 1538 952 1595 tamen
1003 1530 1154 1613 jure
1215 1538 1675 1595 montanorum
1737 1532 1821 1595 sit
1886 1538 2173 1608 cautum,
2218 1537 2293 1593 ut
2337 1529 2390 1593 si
2436 1527 2679 1613 aliquis
2720 1526 2877 1589 dieat

511 1612 626 1702 'jus
691 1616 818 1681 sibi
878 1637 1021 1681 com
1073 1626 1248 1682 etere
1307 1618 1504 1681 etiam
1561 1619 1633 1681 in
1680 1638 2075 1703 quocunque
2118 1613 2581 1700 argentifodio,
2626 1622 2695 1683 et
2736 1611 2881 1680 alter

521 1703 692 1769 illud
749 1704 1006 1789 argenti
1037 1702 1260 1767 odium
1319 1702 1611 1789 legitime
1657 1725 1697 1768 a
1740 1725 1899 1768 vero
1944 1724 2333 1768 concessere
2375 1701 2723 1785 suscipiat,
2776 1706 2885 1763 sta·

522 1795 770 1876 timquc
815 1790 1124 1855 continue
1166 1788 1338 1855 illud·
1377 1790 1741 1857 excolendo
1786 1792 1929 1855 sine
1968 1788 2509 1855 'contradictione
2570 1808 2698 1853 sex
2751 1806 2885 1872 pos·-

519 1879 732 1943 sideat
793 1878 1213 1962 septimanis:
1271 1878 1347 1941 in
1408 1887 1664 1943 tantum
1723 1878 1837 1962 jus
1904 1878 2315 1962 extinguitur
2381 1876 2617 1961 prioris
2645 1922 2663 1951 ,
2728 1870 2885 1959 quod

523 1962 812 2030 secundo
869 1964 1233 2049 susceptori
1293 1962 1376 2027 de
1432 1986 1511 2030 eo
1562 1965 1716 2050 jure
1776 1963 2107 2049 deinceps·
2146 1963 2403 2028 nullam
2466 1982 2737 2046 moyere
2794 1978 2887 2045 po·

521 2052 675 2115 terit
713 2051 1190 2136 quaestionem,
1237 2051 1364 2115 nisi
1407 2059 1568 2115 tunc
1615 2050 1905 2135 legitimo
1953 2050 2258 2115 detentus
2279 2049 2757 2136 impedimento
2788 2048 2889 2133 jus

523 2158 712 2202 suum
756 2137 1064 2221 prosequi
1107 2157 1241 2201 non
1287 2136 1568 2217 valeret3
1617 2139 1774 2223 quia
1794 2136 2244 2223 vigilantibus,
2278 2145 2354 2202 et
2386 2157 2541 2202 non
2576 2134 2890 2200 dormien-

521 2223 701 2289 tibus
736 2223 852 2309 jus
897 2222 1158 2309 proficit
1200 2232 1681 2302 montanorum,
1751 2246 1829 2289 eo
1896 2224 2075 2311 quod
2137 2225 2211 2289 issn
2276 2221 2537 2287 cultura
2582 2221 2893 2287 montium

522 2330 707 2373 mora
751 2330 948 2395 quam
994 2307 1350 2394 plurimum
1410 2311 1495 2375 sit
1554 2310 1939 2397 dampnosa.
2031 2316 2092 2395 §-
2140 2311 2240 2377 13.
2282 2310 2649 2377 statuimus
2696 2307 2892 2385 etiam,

522 2417 717 2461 omne
775 2394 1241 2461 hereditarium
1301 2396 1813 2482 argentifodium
1880 2420 2039 2463 vera
2082 2416 2390 2462 mensura
2432 2394 2551 2461 vel·
2586 2391 2895 2460 limitibus

523 2484 830 2549 distincte
889 2502 968 2546 ac
1025 2482 1504 2549 rationabiliter
1561 2484 1851 2565 limitari,
1911 2495 1977 2550 et
2036 2482 2203 2550 nihil
2266 2493 2455 2549 extra
2500 2482 2687 2547 illam
2734 2501 2891 2545 men·

525 2589 747 2636 suram
815 2567 922 2635 vel
969 2568 1222 2635 'limites
1257 2571 1412 2656 jure
1457 2569 1585 2635 sibi
1630 2572 1701 2636 in
1744 2573 2037 2658 rupturis
2078 2582 2193 2637 aut
2236 2570 2749 2657 quibuscunque
2804 2588 2895 2631 re-

524 2654 650 2719 bus
696 2653 846 2719 aliis
890 2654 1266 2737 vendicare,
1309 2657 1438 2722 nisi
1484 2659 1951 2745 proprietatem
1996 2657 2079 2723 de
2124 2656 2481 2723 submersis
2548 2654 2893 2733 montanis,

521 2762 694 2893 {uae
737 2762 927 2807 suam
970 2741 1376 2808 extrahendo
1443 2744 1867 2809 educendove
1910 2766 2149 2830 aquam
2199 2745 2485 2831 poterint
2548 2744 2895 2809 exsiccare.

589 2827 730 2913 igni
774 2828 948 2893 enim
995 2830 1286 2915 praemio
1333 2840 1505 2914 sunt,
1552 2832 1667 2918 qui
1711 2831 2055 2897 submersa
2096 2829 2205 2896 vel
2250 2829 2545 2895 desolata
2586 2838 2897 2895 montana

522 2916 660 2981 suis
728 2915 1036 3001 expensis
1117 2924 1186 2981 et
1252 2914 1591 2983 laboribus
1674 2918 1963 2983 reddunt
2024 2917 2377 2983 fructuosa.
2464 2920 2524 2999 §-
2596 2918 2705 2983 14.
2770 2913 2895 2981 Sed

521 3010 742 3068 tamen
831 3000 958 3065 ista
1041 3012 1356 3068 montana
1436 3012 1705 3089 propter
1769 3004 2291 3071 irrefrenabilem
2381 3024 2621 3090 aquam
2707 3004 2893 3066 inter-

524 3086 680 3151 dum
725 3088 998 3172 contigit
1039 3089 1402 3173 resignari3
1463 3090 1641 3155 unde
1696 3094 2041 3155 statuimus
2094 3093 2417 3177 resignari
2476 3090 2603 3155 hoc
2666 3088 2897 3153 modo:

523 3173 701 3261 quod
784 3173 1248 3240 denuntientur
1325 3176 1695 3241 urburariis
1772 3176 1937 3244 feria
2010 3187 2243 3265 quarta
2295 3187 2477 3243 .ante
2543 3176 2898 3253 meridiem,

523 3269 849 3346 quatenus
925 3259 1198 3327 sabbato
1259 3264 1560 3346 proximo
1629 3262 2055 3351 subsequenti
2120 3274 2274 3329 ante
2342 3262 2689 3329 meridiem
2760 3282 2899 3327 sus·

523 3348 772 3432 cipiant
827 3344 994 3411 illud
1053 3348 1564 3433 argentifodium
1629 3373 1780 3428 cum
1848 3352 2055 3437 aqua,
2108 3361 2183 3416 ut
2237 3353 2413 3436 juris
2480 3359 2596 3425 est,
2662 3350 2899 3416 exhau-

523 3440 659 3511 εἴας
723 3440 790 3498 et
857 3434 954 3504 sic
1015 3437 1231 3500 omnis
1310 3436 1453 3501 fieri
1527 3436 1727 3502 debet
1785 3440 2163 3523 resignatio·
2253 3443 2314 3521 ἓ.
2378 3438 2480 3503 15.
2538 3436 2627 3501 Et
2688 3436 2901 3502 taliter

522 3518 1034 3603 argentifodium
1101 3542 1288 3586 suum
1350 3525 1760 3609 resignantes
1817 3545 2058 3611 equos,
2116 3525 2311 3589 funes
2372 3534 2437 3589 et
2492 3526 2723 3588 omnia
2776 3520 2903 3587 alia

521 3605 605 3669 ad
687 3604 1160 3673 extrahendam
1241 3630 1478 3695 aquam
1559 3614 1935 3676 necessaria
2012 3610 2407 3693 retinebunt,
2490 3610 2609 3675 sed
2694 3609 2901 3675 solam

521 3700 730 3757 rotam
795 3712 944 3758 cum
1013 3692 1316 3760 omnibus
1373 3694 1498 3760 sibi
1556 3695 1962 3762 conclavatis
2020 3719 2101 3762 ac
2144 3698 2463 3763 aedificiis
2505 3710 2901 3783 pro-neces-

521 3780 712 3843 sitate
758 3779 1388 3863 argentifodinarum
1449 3785 1843 3847 constructis
1896 3782 2142 3849 ibidem
2203 3784 2597 3872 relinquant.
2686 3788 2754 3866 ς.
2804 3782 2899 3846 16.

523 3866 655 3945 Qui
711 3874 931 3930 autem
997 3888 1233 3951 aquam
1291 3870 1362 3932 in
1423 3890 1540 3933 suo
1610 3868 1755 3933 loco
1822 3891 1959 3935 non
2032 3872 2553 3956 resignaverint,
2605 3881 2707 3934 ,ut
2770 3867 2901 3934 dic-

522 3959 661 4015 tum
727 3961 864 4033 est,
943 3973 1148 4038 equos
1215 3977 1364 4019 cum
1431 3954 1700 4019 funibus
1766 3976 1846 4020 ac
1919 3956 2225 4022 omnibus
2304 3958 2454 4023 aliis
2528 3956 2901 4039 attinentiis

507 4037 662 4120 jure
705 4038 1007 4123 perdunt,
1053 4054 1118 4105 et
1161 4040 1378 4106 adhuc
1422 4042 1478 4106 si
1516 4062 1742 4106 eorum
1788 4064 1963 4129 aqua
2024 4043 2173 4108 aliis
2216 4045 2549 4109 montanis
2594 4042 2895 4108 submer-

517 4123 773 4191 sionem
813 4126 1120 4209 minatur‚
1165 4127 1572 4195 extrahenda
1592 4140 1693 4194 est
1712 4151 1939 4196 eorum
1972 4129 2097 4197 sub
2123 4131 2435 4223 periculo=
2464 4140 2531 4201 et
2574 4150 2893 4216 expensa-
