3150 5017
518 341 658 391 m.
698 340 792 389 lv.
1458 354 1547 368 --
1629 316 1758 385 428
1844 354 1930 367 ...-

526 501 841 583 appu-eat
880 493 1247 577 manifeste,
1308 490 1898 577 condempnabitur
1955 487 2081 555 sibi
2141 488 2373 553 merito
2428 488 2502 551 in
2558 484 2875 569 expensis,

524 604 603 651 eo
644 581 821 669 quod
842 580 1019 649 fiaus
1036 590 1101 649 et
1120 579 1313 649 dolus
1356 580 1555 645 alicui
1599 578 1998 665 patrocinari
2041 597 2174 641 non
2222 574 2481 643 debent.
2527 577 2587 656 ἓ.
2633 573 2694 638 5.
2739 568 2872 637 Nec

526 670 689 739 haec
718 690 1043 757 expensae
1066 668 1413 750 dabuntur,
1459 667 1591 731 nisi
1618 667 1686 730 in
1718 663 2066 752 principali
2087 664 2400 751 petitione
2443 660 2685 727 fuerint
2713 680 2876 727 com·

529 758 909 845 prehensam
952 755 1062 823 vel
1102 776 1259 843 pars
1305 756 1483 841 ipsas
1527 764 1758 840 petens
1803 754 1871 817 in
1917 752 2239 839 principio
2283 748 2418 815 litis
2462 747 2544 814 de
2588 749 2747 836 ipsis
2771 766 2874 833 pe·

524 844 740 911 tendis
784 845 917 911 sint
958 852 1333 931 protestata,
1378 850 1451 906 ut
1495 842 1693 906 etiam
1739 841 1808 910 iu
1855 840 2180 905 sententia
2225 836 2564 906 definitiva
2594 838 2878 923 ipsarum

520 930 893 1001 haberetur.
938 934 1000 1014 ξ.
1046 930 1107 997 6.
1154 928 1287 999 Sed
1328 930 1397 994 in
1442 949 1647 994 causa
1689 926 2152 1014 appellationis
2197 926 2341 991 sine
2399 922 2644 1011 aliqua.
2672 927 2877 1010 prote-

527 1020 807 1087 statione
850 1019 1065 1085 victus
1105 1018 1339 1087 victori
1382 1011 1976 1101 condempnabitur
2016 1015 2088 1081 in
2129 1012 2458 1099 expensis.

1522 1488 1694 1570 Gap.
1727 1484 1892 1553 XX.

1364 1608 1463 1671 De
1505 1604 2050 1695 appellationibus.

702 1780 763 1847 A
811 1778 1102 1883 pellandi
1146 1781 1285 1847 sive
1329 1780 1734 1868 provocandi
1795 1801 2137 1847 causarum
2205 1802 2379 1857 usus,
2422 1776 2748 1868 profunde
2781 1774 2882 1849 ‚la-

536 1873 728 1955 teque
807 1868 1059 1950 1ffusus,
1103 1866 1331 1933 ultimo
1376 1891 1496 1934 nos
1542 1868 1751 1933 allicit
1807 1868 1875 1932 in
1920 1866 2046 1933 hac
2090 1875 2276 1954 parte
2321 1866 2404 1933 de
2446 1868 2593 1953 ipso
2640 1872 2886 1930 certam

534 1952 809 2021 formam
869 1954 1127 2024 tradere
1188 1964 1253 2023 et
1306 1956 1690 2035 doctrinam,
1755 1963 1828 2021 ut
1885 1954 2296 2041 litigantibus
2356 1954 2424 2019 in
2469 1952 2777 2041 expensis
2822 1958 2890 2015 et

534 2038 867 2127 laboribus
910 2040 1309 2126 consulatur,
1358 2042 1826 2131 judicibusque
1885 2043 2083 2107 etiam
2130 2051 2197 2108 et
2231 2044 2472 2128 juratis
2517 2040 2888 2106 reverentia

534 2126 761 2195 debita
804 2126 1147 2200 deferatur.

706 2219 768 2298 ἓ.
833 2217 888 2283 1.
976 2216 1136 2283 Jure
1202 2223 1420 2281 autem
1468 2224 1929 2281 montanorum
2005 2215 2360 2303 appellatio
2423 2223 2522 2280 est
2595 2212 2883 2299 (oratio),

532 2302 797 2389 iniquae
848 2304 1213 2371 sententiae
1255 2304 1393 2370 sive
1436 2304 1646 2392 iniqui
1688 2304 2091 2389 gravaminis
2135 2300 2468 2391 querelam
2514 2301 2880 2365 continens.

706 2393 766 2472 ἓ.
813 2396 874 2456 2.
969 2389 1358 2478 Appellatur
1402 2392 1600 2479 etiam
1645 2389 1730 2456 ab
1776 2391 2020 2477 iniquis
2067 2390 2410 2457 sententiis
2456 2393 2520 2453 et
2562 2388 2890 2473 gravami-

536 2474 729 2548 nibus
766 2476 1157 2562 juratorum‚
1213 2487 1286 2543 ut
1328 2479 1383 2542 si
1428 2487 1654 2543 contra
1690 2478 1803 2564 jus
1849 2475 2251 2563 litigatorum
2297 2475 2686 2542 sententiam
2733 2472 2894 2540 tule-

457 2642 461 2647 ,
536 2562 669 2633 rint
710 2565 1025 2652 iniquam,
1068 2560 1177 2631 vel
1207 2562 1261 2631 si
1340 2586 1409 2629 er
1450 2562 2003 2632 interlocutoriam
2051 2574 2162 2630 aut
2183 2563 2347 2629 alias
2369 2562 2660 2628 indebite
2705 2560 2896 2627 alter-

540 2650 671 2713 utri
724 2652 1006 2737 partium
1070 2652 1212 2717 vias
1258 2674 1297 2720 a
1322 2651 1527 2737 iquod
1585 2673 1942 2737 gravamen
2002 2648 2365 2734 intulerint,
2411 2648 2586 2737 quod
2629 2650 2686 2715 si
2729 2648 2899 2714 foret

538 2735 901 2821 probatum,
946 2736 1032 2803 ad
1071 2737 1537 2826 appellandum
1586 2738 1820 2805 debeat
1863 2740 2198 2805 sufficiens
2240 2738 2548 2825 reputari.

710 2826 773 2907 ἓ,
816 2825 877 2893 3.
957 2824 1001 2891 J
1006 2824 1181 2893 udex
1222 2847 1378 2892 vero
1438 2833 1910 2892 montanorum
1938 2825 2154 2891 nullas
2227 2824 2474 2913 profert
2515 2820 2906 2897 sententias,

540 2916 657 2975 sed
698 2918 952 2981 tantum
995 2914 1338 3000 exequitur
1368 2914 1722 2982 sententias
1757 2917 2146 2999 juratorum,
2190 2934 2230 2977 a
2255 2912 2463 2997 'cujus
2509 2910 2900 2977 executione

538 2998 595 3063 si
640 2998 907 3065 modum
953 3002 1246 3085 excedat,
1293 2996 1398 3067 vel
1442 2998 1605 3067 alias
1649 2999 1924 3068 alterum
1985 3001 2267 3088 partium
2310 3006 2559 3085 gravet,
2602 2996 2901 3083 legitime

540 3086 777 3170 poterit
818 3084 1155 3175 appellari.
1601 3165 1604 3173 ¹
2495 3108 2498 3115 ·

448 3179 475 3235 f
550 3244 554 3248 ,
712 3176 775 3256 ξ.
818 3175 879 3241 4.
966 3174 1056 3241 Et
1112 3182 1211 3241 est
1272 3173 1629 3257 sciendum,
1689 3174 1863 3263 quod
1930 3171 2162 3244 modus
2202 3175 2298 3238 ita
2340 3172 2510 3239 bene
2553 3170 2902 3238 exceditur

412 3278 416 3281 ·
540 3256 609 3321 in
681 3280 794 3343 eo,
906 3261 1037 3327 uod
1103 3271 1203 3328 est
1268 3264 1509 3339 minus,
1575 3263 1744 3328 sicut
1813 3264 1883 3329 in
1956 3284 2033 3329 eo
2109 3256 2479 3344 exceditur,
2547 3258 2728 3347 quod
2801 3266 2904 3325 est

543 3344 773 3432 majus.
836 3398 844 3409 .
926 3348 1056 3415 nde
1099 3349 1535 3435 praecipimus
1595 3350 1666 3415 in
1722 3349 1850 3415 hac
1908 3358 2092 3437 parte
2149 3348 2423 3417 firmiter
2465 3346 2901 3433 injungendo,

542 3438 617 3497 ut
670 3440 807 3499 tam
854 3434 1135 3522 judices,
1196 3456 1389 3523 quam
1442 3438 1648 3523 jurati
1705 3438 1879 3502 omni
1942 3435 2280 3523 diligentia
2345 3456 2414 3499 se
2458 3441 2905 3518 praecaveant

548 3526 653 3586 stu
664 3520 991 3674 dffsehine
1036 3521 1372 3609 aliquibus·
1409 3545 1627 3591 coram
1673 3525 1766 3589 eis
1809 3522 2215 3610 litigantibus
2238 3522 2572 3587 materiam
2603 3519 2907 3587 tribuant

541 3629 709 3696 appe
762 3631 848 3675 an
921 3659 936 3676 .

712 3699 776 3779 ξ.
792 3695 852 3761 5.
877 3696 1053 3762 Sane
1062 3697 1324 3783 judices
1345 3718 1478 3765 non
1499 3698 1817 3785 injuriose
1839 3696 2190 3783 litigantes,
2228 3694 2343 3762 sed
2365 3692 2652 3781 benigno
2675 3694 2904 3761 animo

542 3782 974 3871 alloquantur,
1020 3804 1145 3852 nec
1176 3783 1563 3871 exequendo
1599 3785 1960 3852 sententias
1997 3783 2259 3851 modum
2291 3780 2635 3864 excedant,
2680 3804 2906 3871 neque

544 3868 796 3959 aliquid
835 3872 906 3936 in
949 3872 1425 3957 praejudicium
1470 3871 1744 3939 alterius
1783 3873 1988 3959 partis
2021 3878 2413 3958 attemptare
2449 3878 2904 3954 praesumant.

715 3962 777 4042 ξ.
822 3959 883 4029 6.
968 3958 1058 4025 Et
1089 3958 1296 4044 jurati
1341 3980 1567 4025 omnes
1633 3960 2008 4043 sententias,
2069 3966 2266 4047 prout
2306 3955 2550 4045 pluries
2637 3956 2902 4024 raedic-

542 4052 680 4111 tum
740 4055 871 4129 est,
932 4054 1189 4113 matura
1262 4044 1732 4115 deliberatione
1797 4046 1968 4116 bene
2025 4047 2360 4135 proferant
2375 4092 2392 4125 ,
2449 4065 2584 4132 pon
2633 4052 2905 4111 erantes

544 4154 757 4220 aequa
800 4133 987 4200 lance
1026 4134 1141 4219 jus
1184 4140 1373 4201 suum
1418 4136 1772 4223 unicuique
1815 4135 2159 4204 trbuendo.

716 4225 779 4304 §-
823 4222 884 4286 7.
972 4219 1043 4285 Si
1087 4221 1199 4308 qui
1244 4228 1461 4289 autem
1521 4244 1608 4287 ex
1673 4223 1834 4310 ipsis
1875 4244 2034 4289 suae
2077 4221 2290 4289 famae
2332 4219 2518 4307 prodi
2569 4222 2586 4239 ⁶
2655 4244 2739 4288 ac
2780 4222 2904 4294 ho-

466 4311 475 4317 '
545 4307 690 4373 nori
731 4308 991 4394 proprio
1035 4304 1423 4390 invidentes,
1452 4308 1699 4396 aliquid
1742 4311 1811 4375 in
1853 4330 2210 4395 gravamen
2249 4310 2456 4395 ,partis
2551 4310 2760 4377 terius
2779 4330 2909 4397 per
