3150 5017
540 326 675 375 nm.
718 328 809 375 Π.
1500 344 1584 356 -
1671 306 1799 371 376
1887 342 1972 354 -

1630 546 1866 633 Incipit

1196 665 1608 751 Liber
1691 670 2286 775 quartus

550 804 1117 891 gloriosissimi
1172 805 1583 889 Principis
1641 808 1724 875 et
1787 805 2124 875 Domini
2175 804 2416 887 Regis
2473 804 2911 875 wenceslai

1160 892 1539 963 munifici
1581 892 1824 975 Regis
1867 892 2325 963 Bohemiae·

1607 1051 1784 1134 Cap.
1829 1049 1886 1113 1.

1357 1186 1457 1251 De
1498 1186 1722 1251 ordine
1749 1185 2132 1272 judiciario·

678 1421 680 1423 ,
738 1338 1261 1411 Sollicitantibus
1319 1339 1511 1407 nobis
1578 1361 1777 1428 quam
1838 1341 2196 1429 plurimum
2257 1340 2437 1404 circa
2497 1341 2702 1405 totius
2746 1342 2918 1427 regni

560 1452 772 1514 curas,
830 1438 897 1495 et
952 1430 1127 1495 inter
1184 1437 1403 1495 cetera
1461 1450 1695 1515 parum
1749 1427 1916 1493 nihil
1963 1423 2362 1513 eligentibus
2407 1426 2732 1503 meditari,
2778 1448 2919 1515 qua—

559 1516 711 1585 liter
754 1525 823 1583 et
864 1514 1191 1603 quomodo
1234 1515 1564 1582 montanis
1611 1515 1851 1580 nostris
1895 1514 2104 1580 fixum
2166 1512 2778 1601 immutabilemque
2837 1537 2923 1580 or-

563 1603 783 1671 dinem
822 1602 1248 1690 Judiciarium
1312 1602 1799 1683 confirmemus,
1861 1610 1936 1666 ut
1993 1622 2129 1667 non
2198 1621 2313 1687 per
2381 1600 2721 1687 ambages,
2767 1601 2924 1666 sicut

564 1713 605 1757 a
648 1691 991 1758 retroactis
1034 1688 1441 1775 temporibus
1486 1697 1868 1753 consuetum
1917 1697 2078 1770 erat,
2142 1687 2258 1751 sed
2315 1686 2646 1771 gradatim
2693 1708 2808 1775 per
2847 1688 2924 1754 le·

564 1780 831 1865 gitimos
866 1778 1037 1864 juris
1080 1777 1377 1841 tramites
1424 1776 1739 1862 deinceps
1784 1775 2040 1861 judicia
2095 1773 2499 1849 ordinentur,
2560 1782 2724 1840 nam·
2765 1776 2923 1840 circa

560 1886 661 1949 ea,
705 1884 873 1951 quae
896 1862 1271 1928 inordinate
1294 1862 1479 1942 fiunt,
1526 1883 1662 1927 non
1705 1870 1922 1948 potest
1967 1858 2452 1926 rationabiliter
2497 1860 2755 1949 aliquid
2877 1863 2926 1927 i:

738 1955 800 2034 ξ.
850 1952 907 2016 1.
956 1949 1149 2015 Unde
1194 1948 1517 2036 quidquid
1563 1958 1792 2014 contra
1837 1946 2132 2013 ordinem
2185 1945 2618 2034 judiciarium
2665 1970 2707 2015 a
2752 1968 2836 2013 no
2881 1950 2927 2013 is

566 2038 815 2106 editum
876 2037 945 2101 in
991 2035 1117 2101 hac
1169 2044 1355 2122 parte
1407 2034 1778 2121 judicatum
1846 2035 2046 2101 fuerit
2104 2042 2218 2115 aut
2276 2034 2629 2121 prolatum,
2697 2034 2928 2101 nullius

564 2126 830 2213 penitus
874 2123 1206 2189 firmitatis
1250 2123 1511 2203 existat,
1561 2123 1762 2208 juxta
1807 2122 2137 2207 legitimas
2201 2122 2582 2188 sanctiones
2644 2121 2929 2208 legaliter

566 2219 1023 2301 protestantes,
1072 2211 1435 2277 sententias
1493 2216 1726 2274 contra
1783 2207 2048 2274 solitum
2089 2210 2258 2293 juris
2303 2208 2604 2275 ordinem
2653 2208 2926 2295 prolatas

566 2299 819 2365 nullius
862 2318 1007 2365 esse
1052 2297 1382 2363 momenti.
1428 2299 1490 2380 ξ.
1534 2297 1596 2361 2.
1643 2295 1787 2361 Imo
1823 2295 2084 2382 judices
2129 2303 2198 2360 et
2233 2295 2437 2380 jurati
2483 2298 2698 2361 nostri
2736 2304 2930 2361 trans-

556 2406 892 2473 gressores
938 2384 1135 2450 edicti
1194 2405 1343 2449 cum
1406 2382 1714 2449 omnibus
1773 2379 2306 2470 possessionibus
2351 2382 2490 2447 suis
2537 2392 2604 2448 et
2649 2384 2932 2469 personis

557 2475 777 2559 regiae
822 2470 1213 2558 subjaceant
1257 2470 1515 2537 ultioni.
1605 2471 1901 2557 Dignum
1953 2480 2054 2535 est
2100 2470 2296 2547 enim,
2361 2476 2436 2533 ut
2481 2490 2646 2556 quos
2697 2471 2785 2536 ad
2825 2490 2926 2535 no-

558 2561 675 2626 stri
712 2560 885 2644 juris
931 2556 1420 2624 observantiam
1466 2558 1710 2644 regalis
1769 2556 2048 2623 formido
2111 2576 2248 2620 non
2311 2565 2648 2641 provocat,
2718 2556 2932 2621 saltem

556 2644 882 2711 medicina
939 2646 1370 2732 correptionis
1432 2644 1820 2734 compellat,
1897 2652 1970 2709 ut
2026 2642 2325 2707 universi
2382 2664 2603 2730 poena
2669 2644 2931 2710 docente

557 2730 837 2815 discant,
940 2752 1093 2799 uam
1156 2734 1243 2798 sit
1297 2733 1668 2817 vitandum,
1727 2751 2057 2821 quamque
2120 2727 2504 2809 nefandum,
2549 2738 2808 2802 statuta
2847 2751 2929 2796 re·

562 2818 741 2907 galia
783 2839 900 2906 pro
932 2818 1140 2885 anari.

700 3010 757 3044 iis

1595 3083 1767 3165 Gap.
1817 3081 1902 3147 n.

1456 3200 1559 3265 De
1601 3198 2020 3267 citationibus.

730 3340 864 3406 Sed
906 3360 1059 3405 cum
1104 3336 1329 3403 citatio
1374 3337 1459 3402 sit
1506 3338 1902 3425 principium
1952 3346 2018 3405 et
2059 3342 2260 3406 totius
2308 3340 2557 3407 ordinis
2594 3338 2929 3427 judiciarii
2973 3360 2986 3377 ·

558 3426 1080 3503 fundamentum,
1126 3425 1209 3491 de
1252 3426 1405 3510 ipsa
1446 3430 1785 3512 tamquam
1832 3424 1916 3491 de
1963 3435 2150 3514 parte
2194 3428 2436 3515 potiori
2482 3424 2932 3514 principaliter

566 3515 917 3591 videamus,
976 3514 1133 3599 quia
1190 3510 1588 3598 principium
1647 3511 2000 3599 cujuslibet
2059 3515 2153 3579 rei
2214 3515 2558 3600 potissima
2620 3536 2778 3601 pars
2823 3521 2930 3593 est,

560 3609 729 3667 teste
772 3601 1040 3668 domino
1083 3598 1462 3665 Justiniano
1487 3600 1904 3685 imperatore,
1953 3602 2368 3665 sanctissimo
2415 3600 2816 3687 legislatore,
2861 3620 2932 3665 eo

606 3686 741 3753 uod
804 3686 975 3752 bene
1041 3695 1107 3752 et
1172 3694 1622 3772 competenter
1679 3687 1988 3751 universa
2031 3697 2372 3773 geruntur,
2435 3690 2490 3752 si
2539 3688 2929 3775 principium

561 3710 804 3840 decens
846 3772 1048 3839 tuerit
1090 3780 1155 3839 et
1198 3770 1484 3837 amabile
1527 3772 1692 3837 Deo.

733 3863 795 3943 ξ.
846 3860 901 3925 1.
945 3858 1069 3923 Est
1110 3868 1327 3925 autem
1372 3859 1598 3923 citatio
1645 3858 1939 3943 legitima
1981 3860 2049 3924 in
2083 3860 2201 3945 jus
2246 3862 2568 3942 evocatio,
2613 3870 2680 3926 et
2721 3882 2924 3947 quan-

564 3949 649 4014 do
693 3947 768 4012 fit
809 3966 931 4033 per
965 3945 1259 4032 judicem
1307 3942 1761 4032 principaliter
1825 3948 2360 4033 praecipientem,
2428 3946 2718 4012 alterutri
2785 3968 2929 4033 par·

564 4036 727 4099 tium
776 4042 893 4098 aut
936 4035 1249 4119 utrisque,
1293 4033 1471 4119 quod
1516 4041 1698 4097 certo
1745 4032 2026 4098 termino
2073 4042 2499 4121 compareant
2544 4052 2758 4098 coram
2785 4036 2923 4120 ipso

561 4119 717 4187 hinc
784 4119 941 4188 inde
1005 4119 1367 4185 secundum
1434 4118 1769 4205 justitiam
1846 4122 2248 4206 responsuri.
2337 4122 2397 4203 ξ.
2443 4120 2507 4185 2.
2552 4120 2696 4185 Est
2738 4122 2927 4185 etiam

562 4207 789 4272 citatio
855 4226 975 4293 per
1005 4206 1257 4292 judicis
1322 4205 1628 4271 nuntium
1689 4207 1776 4272 ad
1836 4205 1962 4270 hoc
2011 4206 2332 4292 juratum,
2399 4216 2493 4288 ut,
2561 4208 2617 4272 si
2677 4208 2924 4287 citatus,

563 4295 735 4360 sicut
778 4291 1025 4379 pluries
1070 4292 1313 4377 evenit,
1356 4293 1732 4359 citationem
1799 4291 1892 4361 ad
1943 4294 2160 4379 ipsum
2221 4294 2604 4381 pervenisse
2648 4302 2925 4379 negaret,
