<?xml version="1.0" encoding="UTF-8"?>
<!DOCTYPE html PUBLIC "-//W3C//DTD XHTML 1.0 Transitional//EN"
    "http://www.w3.org/TR/xhtml1/DTD/xhtml1-transitional.dtd">
<html xmlns="http://www.w3.org/1999/xhtml" xml:lang="en" lang="en">
 <head>
  <title>
</title>
<meta http-equiv="Content-Type" content="text/html;charset=utf-8" />
  <meta name='ocr-system' content='tesseract 3.04.00' />
  <meta name='ocr-capabilities' content='ocr_page ocr_carea ocr_par ocr_line ocrx_word'/>
</head>
<body>
  <div class='ocr_page' id='page_1' title='image "./codexjurisbohem01unkngoog_0296.png"; bbox 0 0 3150 5017; ppageno 0'>
   <div class='ocr_carea' id='block_1_1' title="bbox 1391 283 1873 352">
    <p class='ocr_par' dir='ltr' id='par_1_1' title="bbox 1391 283 1873 352">
     <span class='ocr_line' id='line_1_1' title="bbox 1391 283 1873 352; baseline 0.008 -3"><span class='ocrx_word' id='word_1_1' title='bbox 1391 283 1873 352; x_wconf 82' lang='lat'>—286—</span> 
     </span>
    </p>
   </div>
   <div class='ocr_carea' id='block_1_2' title="bbox 445 458 2835 723">
    <p class='ocr_par' dir='ltr' id='par_1_2' title="bbox 445 458 2835 723">
     <span class='ocr_line' id='line_1_2' title="bbox 445 458 2835 550; baseline -0 -27"><span class='ocrx_word' id='word_1_2' title='bbox 445 458 733 526; x_wconf 84' lang='lat' dir='ltr'><strong>fecunda</strong></span> <span class='ocrx_word' id='word_1_3' title='bbox 779 469 846 528; x_wconf 87' lang='lat' dir='ltr'><strong>et</strong></span> <span class='ocrx_word' id='word_1_4' title='bbox 881 459 1141 544; x_wconf 80' lang='lat' dir='ltr'><strong>justitia</strong></span> <span class='ocrx_word' id='word_1_5' title='bbox 1183 461 1270 527; x_wconf 87' lang='lat' dir='ltr'><strong>sit</strong></span> <span class='ocrx_word' id='word_1_6' title='bbox 1313 459 1573 539; x_wconf 87' lang='lat' dir='ltr'><strong>decora,</strong></span> <span class='ocrx_word' id='word_1_7' title='bbox 1592 469 1685 528; x_wconf 77' lang='lat' dir='ltr'><strong>‚et</strong></span> <span class='ocrx_word' id='word_1_8' title='bbox 1742 461 2093 529; x_wconf 79' lang='lat' dir='ltr'><strong>universus</strong></span> <span class='ocrx_word' id='word_1_9' title='bbox 2152 459 2435 550; x_wconf 83' lang='lat' dir='ltr'><strong>populus</strong></span> <span class='ocrx_word' id='word_1_10' title='bbox 2476 465 2835 526; x_wconf 81' lang='lat' dir='ltr'><strong>montanus</strong></span> 
     </span>
     <span class='ocr_line' id='line_1_3' title="bbox 451 545 2835 637; baseline -0.001 -25"><span class='ocrx_word' id='word_1_11' title='bbox 451 546 631 613; x_wconf 84' lang='lat' dir='ltr'><strong>felici</strong></span> <span class='ocrx_word' id='word_1_12' title='bbox 682 548 972 635; x_wconf 89' lang='lat' dir='ltr'><strong>ipsorum</strong></span> <span class='ocrx_word' id='word_1_13' title='bbox 1017 546 1254 614; x_wconf 84' lang='lat' dir='ltr'><strong>ductus</strong></span> <span class='ocrx_word' id='word_1_14' title='bbox 1299 549 1619 633; x_wconf 85' lang='lat' dir='ltr'><strong>regimine</strong></span> <span class='ocrx_word' id='word_1_15' title='bbox 1672 557 2085 637; x_wconf 71' lang='lat' dir='ltr'><strong>prem-votur</strong></span> <span class='ocrx_word' id='word_1_16' title='bbox 2138 571 2181 614; x_wconf 84' lang='lat' dir='ltr'><strong>a</strong></span> <span class='ocrx_word' id='word_1_17' title='bbox 2220 547 2439 616; x_wconf 78' lang='lat' dir='ltr'><strong>noxiis</strong></span> <span class='ocrx_word' id='word_1_18' title='bbox 2482 553 2551 614; x_wconf 83' lang='lat' dir='ltr'><strong>et</strong></span> <span class='ocrx_word' id='word_1_19' title='bbox 2592 545 2835 631; x_wconf 76' lang='lat' dir='ltr'><strong>optatis</strong></span> 
     </span>
     <span class='ocr_line' id='line_1_4' title="bbox 465 635 1552 723; baseline 0.001 -23"><span class='ocrx_word' id='word_1_20' title='bbox 465 655 724 722; x_wconf 86' lang='lat' dir='ltr'><strong>semper</strong></span> <span class='ocrx_word' id='word_1_21' title='bbox 765 635 1070 723; x_wconf 74' lang='lat' dir='ltr'><strong>proficiat</strong></span> <span class='ocrx_word' id='word_1_22' title='bbox 1111 637 1552 704; x_wconf 76' lang='lat' dir='ltr'><strong>incrementis.</strong></span> 
     </span>
    </p>
   </div>
   <div class='ocr_carea' id='block_1_3' title="bbox 850 1419 2416 1649">
    <p class='ocr_par' dir='ltr' id='par_1_3' title="bbox 850 1419 2416 1649">
     <span class='ocr_line' id='line_1_5' title="bbox 1453 1419 1829 1503; baseline 0.005 -17"><span class='ocrx_word' id='word_1_23' title='bbox 1453 1421 1629 1503; x_wconf 76' lang='lat' dir='ltr'><strong>Gap.</strong></span> <span class='ocrx_word' id='word_1_24' title='bbox 1674 1419 1829 1488; x_wconf 84' lang='lat' dir='ltr'><strong>vu.</strong></span> 
     </span>
     <span class='ocr_line' id='line_1_6' title="bbox 850 1558 2416 1649; baseline 0.001 -25"><span class='ocrx_word' id='word_1_25' title='bbox 850 1561 952 1624; x_wconf 81' lang='lat' dir='ltr'><strong>De</strong></span> <span class='ocrx_word' id='word_1_26' title='bbox 995 1559 1207 1648; x_wconf 82' lang='lat' dir='ltr'><strong>officio</strong></span> <span class='ocrx_word' id='word_1_27' title='bbox 1259 1569 1318 1624; x_wconf 80' lang='lat' dir='ltr'><strong>et</strong></span> <span class='ocrx_word' id='word_1_28' title='bbox 1341 1559 1795 1646; x_wconf 74' lang='lat' dir='ltr'><strong>jurisdictione</strong></span> <span class='ocrx_word' id='word_1_29' title='bbox 1820 1560 2071 1649; x_wconf 61' lang='lat' dir='ltr'><strong>judicate</strong></span> <span class='ocrx_word' id='word_1_30' title='bbox 2110 1558 2416 1626; x_wconf 77' lang='lat' dir='ltr'><strong>montani.</strong></span> 
     </span>
    </p>
   </div>
   <div class='ocr_carea' id='block_1_4' title="bbox 442 1678 2924 4374">
    <p class='ocr_par' dir='ltr' id='par_1_4' title="bbox 446 1678 2839 2463">
     <span class='ocr_line' id='line_1_7' title="bbox 624 1678 2835 1772; baseline -0.002 -26"><span class='ocrx_word' id='word_1_31' title='bbox 624 1681 820 1746; x_wconf 85' lang='lat' dir='ltr'><strong>Nunc</strong></span> <span class='ocrx_word' id='word_1_32' title='bbox 891 1681 974 1747; x_wconf 90' lang='lat' dir='ltr'><strong>de</strong></span> <span class='ocrx_word' id='word_1_33' title='bbox 1041 1679 1260 1746; x_wconf 88' lang='lat' dir='ltr'><strong>officio</strong></span> <span class='ocrx_word' id='word_1_34' title='bbox 1321 1688 1388 1746; x_wconf 92' lang='lat' dir='ltr'><strong>et</strong></span> <span class='ocrx_word' id='word_1_35' title='bbox 1445 1691 1767 1766; x_wconf 72' lang='lat' dir='ltr'><strong>potestate</strong></span> <span class='ocrx_word' id='word_1_36' title='bbox 1818 1684 2067 1772; x_wconf 89' lang='lat' dir='ltr'><strong>judicis</strong></span> <span class='ocrx_word' id='word_1_37' title='bbox 2124 1679 2421 1747; x_wconf 80' lang='lat' dir='ltr'><strong>montani</strong></span> <span class='ocrx_word' id='word_1_38' title='bbox 2464 1678 2835 1745; x_wconf 83' lang='lat' dir='ltr'><strong>videamus.</strong></span> 
     </span>
     <span class='ocr_line' id='line_1_8' title="bbox 449 1764 2837 1858; baseline -0.002 -25"><span class='ocrx_word' id='word_1_39' title='bbox 449 1767 675 1834; x_wconf 81' lang='lat' dir='ltr'><strong>Judex</strong></span> <span class='ocrx_word' id='word_1_40' title='bbox 735 1766 996 1850; x_wconf 85' lang='lat' dir='ltr'><strong>dicitur,</strong></span> <span class='ocrx_word' id='word_1_41' title='bbox 1057 1775 1131 1832; x_wconf 85' lang='lat' dir='ltr'><strong>ut</strong></span> <span class='ocrx_word' id='word_1_42' title='bbox 1189 1768 1284 1833; x_wconf 84' lang='lat' dir='ltr'><strong>ait</strong></span> <span class='ocrx_word' id='word_1_43' title='bbox 1347 1768 1663 1854; x_wconf 73' lang='lat' dir='ltr'>Isidorus,</span> <span class='ocrx_word' id='word_1_44' title='bbox 1725 1774 1915 1858; x_wconf 86' lang='lat' dir='ltr'><strong>quasi</strong></span> <span class='ocrx_word' id='word_1_45' title='bbox 1949 1774 2064 1858; x_wconf 88' lang='lat' dir='ltr'><strong>jus</strong></span> <span class='ocrx_word' id='word_1_46' title='bbox 2108 1767 2335 1834; x_wconf 87' lang='lat' dir='ltr'><strong>dicens</strong></span> <span class='ocrx_word' id='word_1_47' title='bbox 2376 1765 2643 1854; x_wconf 84' lang='lat' dir='ltr'><strong>populo,</strong></span> <span class='ocrx_word' id='word_1_48' title='bbox 2690 1764 2837 1830; x_wconf 81' lang='lat' dir='ltr'><strong>sive</strong></span> 
     </span>
     <span class='ocr_line' id='line_1_9' title="bbox 450 1851 2835 1946; baseline -0 -28"><span class='ocrx_word' id='word_1_49' title='bbox 450 1853 627 1941; x_wconf 89' lang='lat' dir='ltr'><strong>quod</strong></span> <span class='ocrx_word' id='word_1_50' title='bbox 665 1853 818 1940; x_wconf 87' lang='lat' dir='ltr'><strong>jure</strong></span> <span class='ocrx_word' id='word_1_51' title='bbox 862 1854 1206 1940; x_wconf 74' lang='lat' dir='ltr'><strong>disceptat.</strong></span> <span class='ocrx_word' id='word_1_52' title='bbox 1267 1854 1310 1918; x_wconf 87' lang='lat' dir='ltr'><strong>J</strong></span> <span class='ocrx_word' id='word_1_53' title='bbox 1313 1875 1430 1920; x_wconf 87' lang='lat' dir='ltr'><strong>ure</strong></span> <span class='ocrx_word' id='word_1_54' title='bbox 1474 1865 1694 1923; x_wconf 86' lang='lat' dir='ltr'><strong>autem</strong></span> <span class='ocrx_word' id='word_1_55' title='bbox 1742 1859 2107 1946; x_wconf 84' lang='lat' dir='ltr'><strong>disceptare</strong></span> <span class='ocrx_word' id='word_1_56' title='bbox 2151 1864 2251 1921; x_wconf 90' lang='lat' dir='ltr'><strong>est</strong></span> <span class='ocrx_word' id='word_1_57' title='bbox 2286 1856 2467 1940; x_wconf 85' lang='lat' dir='ltr'><strong>juste</strong></span> <span class='ocrx_word' id='word_1_58' title='bbox 2500 1851 2835 1940; x_wconf 81' lang='lat' dir='ltr'><strong>judicare.</strong></span> 
     </span>
     <span class='ocr_line' id='line_1_10' title="bbox 446 1939 2837 2031; baseline -0.002 -23"><span class='ocrx_word' id='word_1_59' title='bbox 446 1942 599 2008; x_wconf 85' lang='lat' dir='ltr'><strong>Non</strong></span> <span class='ocrx_word' id='word_1_60' title='bbox 649 1948 748 2008; x_wconf 87' lang='lat' dir='ltr'><strong>est</strong></span> <span class='ocrx_word' id='word_1_61' title='bbox 784 1941 1013 2025; x_wconf 86' lang='lat' dir='ltr'><strong>judex,</strong></span> <span class='ocrx_word' id='word_1_62' title='bbox 1061 1942 1118 2006; x_wconf 89' lang='lat' dir='ltr'><strong>si</strong></span> <span class='ocrx_word' id='word_1_63' title='bbox 1177 1962 1312 2006; x_wconf 88' lang='lat' dir='ltr'><strong>non</strong></span> <span class='ocrx_word' id='word_1_64' title='bbox 1373 1951 1474 2008; x_wconf 86' lang='lat' dir='ltr'><strong>est</strong></span> <span class='ocrx_word' id='word_1_65' title='bbox 1515 1943 1587 2008; x_wconf 90' lang='lat' dir='ltr'><strong>in</strong></span> <span class='ocrx_word' id='word_1_66' title='bbox 1632 1967 1711 2009; x_wconf 91' lang='lat' dir='ltr'><strong>eo</strong></span> <span class='ocrx_word' id='word_1_67' title='bbox 1746 1946 2031 2031; x_wconf 83' lang='lat' dir='ltr'><strong>justitia.</strong></span> <span class='ocrx_word' id='word_1_68' title='bbox 2107 1942 2305 2010; x_wconf 88' lang='lat' dir='ltr'><strong>Unde</strong></span> <span class='ocrx_word' id='word_1_69' title='bbox 2346 1942 2465 2029; x_wconf 93' lang='lat' dir='ltr'><strong>qui</strong></span> <span class='ocrx_word' id='word_1_70' title='bbox 2506 1947 2689 2006; x_wconf 84' lang='lat' dir='ltr'><strong>recte</strong></span> <span class='ocrx_word' id='word_1_71' title='bbox 2724 1939 2837 2024; x_wconf 83' lang='lat' dir='ltr'><strong>ju·</strong></span> 
     </span>
     <span class='ocr_line' id='line_1_11' title="bbox 451 2026 2837 2118; baseline -0.002 -25"><span class='ocrx_word' id='word_1_72' title='bbox 451 2028 648 2110; x_wconf 88' lang='lat' dir='ltr'><strong>dicat,</strong></span> <span class='ocrx_word' id='word_1_73' title='bbox 715 2035 1032 2094; x_wconf 72' lang='lat' dir='ltr'><strong>stateram</strong></span> <span class='ocrx_word' id='word_1_74' title='bbox 1105 2028 1175 2092; x_wconf 88' lang='lat' dir='ltr'><strong>in</strong></span> <span class='ocrx_word' id='word_1_75' title='bbox 1251 2027 1558 2095; x_wconf 88' lang='lat' dir='ltr'><strong>manibus</strong></span> <span class='ocrx_word' id='word_1_76' title='bbox 1617 2042 1851 2118; x_wconf 86' lang='lat' dir='ltr'><strong>gestat,</strong></span> <span class='ocrx_word' id='word_1_77' title='bbox 1918 2031 2145 2098; x_wconf 80' lang='lat' dir='ltr'><strong>lances</strong></span> <span class='ocrx_word' id='word_1_78' title='bbox 2200 2050 2413 2116; x_wconf 87' lang='lat' dir='ltr'><strong>aequo</strong></span> <span class='ocrx_word' id='word_1_79' title='bbox 2478 2026 2837 2094; x_wconf 82' lang='lat' dir='ltr'><strong>libramina</strong></span> 
     </span>
     <span class='ocr_line' id='line_1_12' title="bbox 451 2111 2835 2204; baseline -0.001 -24"><span class='ocrx_word' id='word_1_80' title='bbox 451 2113 910 2203; x_wconf 88' lang='lat' dir='ltr'><strong>appendendo,</strong></span> <span class='ocrx_word' id='word_1_81' title='bbox 957 2139 1040 2181; x_wconf 88' lang='lat' dir='ltr'><strong>ne</strong></span> <span class='ocrx_word' id='word_1_82' title='bbox 1085 2114 1446 2204; x_wconf 79' lang='lat' dir='ltr'><strong>quidquam</strong></span> <span class='ocrx_word' id='word_1_83' title='bbox 1482 2118 1811 2202; x_wconf 77' lang='lat' dir='ltr'><strong>J‘udicium</strong></span> <span class='ocrx_word' id='word_1_84' title='bbox 1862 2140 2090 2186; x_wconf 82' lang='lat' dir='ltr'><strong>verum</strong></span> <span class='ocrx_word' id='word_1_85' title='bbox 2136 2115 2501 2197; x_wconf 81' lang='lat' dir='ltr'><strong>subvertat,</strong></span> <span class='ocrx_word' id='word_1_86' title='bbox 2544 2111 2665 2180; x_wconf 88' lang='lat' dir='ltr'><strong>sed</strong></span> <span class='ocrx_word' id='word_1_87' title='bbox 2684 2120 2835 2178; x_wconf 84' lang='lat' dir='ltr'><strong>tan-</strong></span> 
     </span>
     <span class='ocr_line' id='line_1_13' title="bbox 447 2203 2839 2292; baseline -0.001 -24"><span class='ocrx_word' id='word_1_88' title='bbox 447 2211 585 2268; x_wconf 75' lang='lat' dir='ltr'><strong>tum</strong></span> <span class='ocrx_word' id='word_1_89' title='bbox 637 2203 998 2268; x_wconf 86' lang='lat' dir='ltr'><strong>secundum</strong></span> <span class='ocrx_word' id='word_1_90' title='bbox 1015 2205 1174 2289; x_wconf 86' lang='lat' dir='ltr'><strong>jura</strong></span> <span class='ocrx_word' id='word_1_91' title='bbox 1197 2205 1615 2288; x_wconf 81' lang='lat' dir='ltr'><strong>pronuntiet3</strong></span> <span class='ocrx_word' id='word_1_92' title='bbox 1659 2209 1872 2292; x_wconf 83' lang='lat' dir='ltr'><strong>magis</strong></span> <span class='ocrx_word' id='word_1_93' title='bbox 1918 2206 2096 2272; x_wconf 88' lang='lat' dir='ltr'><strong>enim</strong></span> <span class='ocrx_word' id='word_1_94' title='bbox 2120 2203 2399 2292; x_wconf 86' lang='lat' dir='ltr'><strong>legibus,</strong></span> <span class='ocrx_word' id='word_1_95' title='bbox 2447 2222 2647 2289; x_wconf 87' lang='lat' dir='ltr'><strong>quam</strong></span> <span class='ocrx_word' id='word_1_96' title='bbox 2672 2219 2839 2266; x_wconf 80' lang='lat' dir='ltr'><strong>suae</strong></span> 
     </span>
     <span class='ocr_line' id='line_1_14' title="bbox 447 2285 2837 2380; baseline -0.001 -27"><span class='ocrx_word' id='word_1_97' title='bbox 447 2288 780 2355; x_wconf 82' lang='lat' dir='ltr'><strong>voluntati</strong></span> <span class='ocrx_word' id='word_1_98' title='bbox 816 2290 1031 2375; x_wconf 81' lang='lat' dir='ltr'><strong>judex</strong></span> <span class='ocrx_word' id='word_1_99' title='bbox 1077 2287 1534 2376; x_wconf 85' lang='lat' dir='ltr'><strong>obtemperare</strong></span> <span class='ocrx_word' id='word_1_100' title='bbox 1577 2293 1793 2370; x_wconf 86' lang='lat' dir='ltr'><strong>debet,</strong></span> <span class='ocrx_word' id='word_1_101' title='bbox 1850 2294 2163 2380; x_wconf 85' lang='lat' dir='ltr'><strong>quoniam</strong></span> <span class='ocrx_word' id='word_1_102' title='bbox 2220 2311 2357 2357; x_wconf 88' lang='lat' dir='ltr'><strong>non</strong></span> <span class='ocrx_word' id='word_1_103' title='bbox 2400 2297 2503 2356; x_wconf 88' lang='lat' dir='ltr'><strong>est</strong></span> <span class='ocrx_word' id='word_1_104' title='bbox 2544 2285 2837 2354; x_wconf 87' lang='lat' dir='ltr'><strong>solidum</strong></span> 
     </span>
     <span class='ocr_line' id='line_1_15' title="bbox 454 2374 2193 2463; baseline 0.001 -22"><span class='ocrx_word' id='word_1_105' title='bbox 454 2374 848 2456; x_wconf 82' lang='lat' dir='ltr'><strong>aedificium,</strong></span> <span class='ocrx_word' id='word_1_106' title='bbox 895 2375 1010 2442; x_wconf 86' lang='lat' dir='ltr'><strong>ubi</strong></span> <span class='ocrx_word' id='word_1_107' title='bbox 1055 2375 1362 2442; x_wconf 83' lang='lat' dir='ltr'><strong>voluntas</strong></span> <span class='ocrx_word' id='word_1_108' title='bbox 1406 2380 1629 2463; x_wconf 79' lang='lat' dir='ltr'><strong>posuit</strong></span> <span class='ocrx_word' id='word_1_109' title='bbox 1670 2380 2193 2452; x_wconf 73' lang='lat' dir='ltr'><strong>fundamentum.</strong></span> 
     </span>
    </p>

    <p class='ocr_par' dir='ltr' id='par_1_5' title="bbox 442 2461 2924 4374">
     <span class='ocr_line' id='line_1_16' title="bbox 627 2461 2838 2550; baseline -0.002 -22"><span class='ocrx_word' id='word_1_110' title='bbox 627 2465 686 2544; x_wconf 69' lang='grc' dir='ltr'><strong>ξ.</strong></span> <span class='ocrx_word' id='word_1_111' title='bbox 715 2463 772 2526; x_wconf 92' lang='grc'><strong>1.</strong></span> <span class='ocrx_word' id='word_1_112' title='bbox 821 2461 954 2528; x_wconf 86' lang='lat' dir='ltr'><strong>Sed</strong></span> <span class='ocrx_word' id='word_1_113' title='bbox 972 2471 1228 2550; x_wconf 89' lang='lat' dir='ltr'><strong>oportet</strong></span> <span class='ocrx_word' id='word_1_114' title='bbox 1236 2462 1533 2549; x_wconf 86' lang='lat' dir='ltr'><strong>judicem</strong></span> <span class='ocrx_word' id='word_1_115' title='bbox 1579 2475 1821 2533; x_wconf 87' lang='lat' dir='ltr'><strong>cuncta</strong></span> <span class='ocrx_word' id='word_1_116' title='bbox 1863 2468 2109 2550; x_wconf 85' lang='lat' dir='ltr'><strong>rimari,</strong></span> <span class='ocrx_word' id='word_1_117' title='bbox 2157 2473 2223 2531; x_wconf 90' lang='lat' dir='ltr'><strong>et</strong></span> <span class='ocrx_word' id='word_1_118' title='bbox 2264 2461 2561 2530; x_wconf 80' lang='lat' dir='ltr'><strong>ordinem</strong></span> <span class='ocrx_word' id='word_1_119' title='bbox 2606 2479 2838 2528; x_wconf 83' lang='lat' dir='ltr'><strong>rerum</strong></span> 
     </span>
     <span class='ocr_line' id='line_1_17' title="bbox 455 2548 2833 2642; baseline -0 -29"><span class='ocrx_word' id='word_1_120' title='bbox 455 2548 660 2637; x_wconf 89' lang='lat' dir='ltr'><strong>plena</strong></span> <span class='ocrx_word' id='word_1_121' title='bbox 702 2548 1131 2635; x_wconf 87' lang='lat' dir='ltr'><strong>inquisitione</strong></span> <span class='ocrx_word' id='word_1_122' title='bbox 1179 2549 1520 2632; x_wconf 84' lang='lat' dir='ltr'><strong>discutere,</strong></span> <span class='ocrx_word' id='word_1_123' title='bbox 1568 2573 1911 2642; x_wconf 83' lang='lat' dir='ltr'><strong>quousque</strong></span> <span class='ocrx_word' id='word_1_124' title='bbox 1954 2554 2084 2620; x_wconf 86' lang='lat' dir='ltr'><strong>sibi</strong></span> <span class='ocrx_word' id='word_1_125' title='bbox 2127 2554 2224 2618; x_wconf 85' lang='lat' dir='ltr'><strong>rei</strong></span> <span class='ocrx_word' id='word_1_126' title='bbox 2282 2551 2534 2619; x_wconf 82' lang='lat' dir='ltr'><strong>veritas</strong></span> <span class='ocrx_word' id='word_1_127' title='bbox 2592 2569 2684 2634; x_wconf 85' lang='lat' dir='ltr'><strong>ap</strong></span> <span class='ocrx_word' id='word_1_128' title='bbox 2732 2567 2833 2613; x_wconf 89' lang='lat' dir='ltr'><strong>er-</strong></span> 
     </span>
     <span class='ocr_line' id='line_1_18' title="bbox 461 2570 2835 2728; baseline -0.001 -27"><span class='ocrx_word' id='word_1_129' title='bbox 461 2637 596 2701; x_wconf 89' lang='lat' dir='ltr'><strong>tius</strong></span> <span class='ocrx_word' id='word_1_130' title='bbox 643 2633 1032 2703; x_wconf 80' lang='lat' dir='ltr'><strong>declaretur.</strong></span> <span class='ocrx_word' id='word_1_131' title='bbox 1122 2637 1212 2702; x_wconf 89' lang='lat' dir='ltr'><strong>Et</strong></span> <span class='ocrx_word' id='word_1_132' title='bbox 1269 2635 1419 2702; x_wconf 90' lang='lat' dir='ltr'><strong>ideo</strong></span> <span class='ocrx_word' id='word_1_133' title='bbox 1481 2650 1715 2706; x_wconf 86' lang='lat' dir='ltr'><strong>cautus</strong></span> <span class='ocrx_word' id='word_1_134' title='bbox 1778 2645 1865 2707; x_wconf 90' lang='lat' dir='ltr'><strong>sit</strong></span> <span class='ocrx_word' id='word_1_135' title='bbox 1912 2640 2147 2728; x_wconf 84' lang='lat' dir='ltr'><strong>judex,</strong></span> <span class='ocrx_word' id='word_1_136' title='bbox 2200 2659 2285 2704; x_wconf 90' lang='lat' dir='ltr'><strong>ne</strong></span> <span class='ocrx_word' id='word_1_137' title='bbox 2346 2570 2835 2703; x_wconf 49' lang='lat' dir='ltr'><strong>absolvendum</strong></span> 
     </span>
     <span class='ocr_line' id='line_1_19' title="bbox 453 2722 2839 2811; baseline -0.001 -23"><span class='ocrx_word' id='word_1_138' title='bbox 453 2722 917 2808; x_wconf 84' lang='lat' dir='ltr'><strong>condempnet,</strong></span> <span class='ocrx_word' id='word_1_139' title='bbox 993 2733 1112 2790; x_wconf 86' lang='lat' dir='ltr'><strong>aut</strong></span> <span class='ocrx_word' id='word_1_140' title='bbox 1183 2723 1807 2811; x_wconf 88' lang='lat' dir='ltr'><strong>condempnandum</strong></span> <span class='ocrx_word' id='word_1_141' title='bbox 1866 2727 2172 2809; x_wconf 84' lang='lat' dir='ltr'><strong>dimittat,</strong></span> <span class='ocrx_word' id='word_1_142' title='bbox 2244 2746 2400 2790; x_wconf 79' lang='lat' dir='ltr'><strong>nam</strong></span> <span class='ocrx_word' id='word_1_143' title='bbox 2478 2731 2839 2808; x_wconf 84' lang='lat' dir='ltr'><strong>utrumque</strong></span> 
     </span>
     <span class='ocr_line' id='line_1_20' title="bbox 453 2807 2839 2899; baseline -0 -25"><span class='ocrx_word' id='word_1_144' title='bbox 453 2807 701 2874; x_wconf 86' lang='lat' dir='ltr'><strong>malum</strong></span> <span class='ocrx_word' id='word_1_145' title='bbox 746 2817 889 2892; x_wconf 77' lang='lat' dir='ltr'><strong>est3</strong></span> <span class='ocrx_word' id='word_1_146' title='bbox 959 2811 1074 2876; x_wconf 88' lang='lat' dir='ltr'><strong>sed</strong></span> <span class='ocrx_word' id='word_1_147' title='bbox 1141 2819 1363 2876; x_wconf 86' lang='lat' dir='ltr'><strong>tamen</strong></span> <span class='ocrx_word' id='word_1_148' title='bbox 1431 2815 1645 2898; x_wconf 87' lang='lat' dir='ltr'><strong>magis</strong></span> <span class='ocrx_word' id='word_1_149' title='bbox 1712 2823 1813 2881; x_wconf 85' lang='lat' dir='ltr'><strong>est</strong></span> <span class='ocrx_word' id='word_1_150' title='bbox 1868 2815 2197 2880; x_wconf 85' lang='lat' dir='ltr'><strong>insontem</strong></span> <span class='ocrx_word' id='word_1_151' title='bbox 2241 2813 2584 2899; x_wconf 78' lang='lat' dir='ltr'><strong>perimere,</strong></span> <span class='ocrx_word' id='word_1_152' title='bbox 2628 2829 2839 2896; x_wconf 84' lang='lat' dir='ltr'><strong>quam</strong></span> 
     </span>
     <span class='ocr_line' id='line_1_21' title="bbox 451 2896 2839 2988; baseline -0.001 -27"><span class='ocrx_word' id='word_1_153' title='bbox 451 2903 798 2962; x_wconf 85' lang='lat' dir='ltr'><strong>nocentem</strong></span> <span class='ocrx_word' id='word_1_154' title='bbox 847 2896 1196 2965; x_wconf 88' lang='lat' dir='ltr'><strong>dimittere.</strong></span> <span class='ocrx_word' id='word_1_155' title='bbox 1243 2902 1302 2980; x_wconf 65' lang='grc' dir='ltr'><strong>ξ.</strong></span> <span class='ocrx_word' id='word_1_156' title='bbox 1326 2899 1388 2963; x_wconf 83' lang='grc'><strong>2.</strong></span> <span class='ocrx_word' id='word_1_157' title='bbox 1435 2899 1568 2965; x_wconf 85' lang='lat' dir='ltr'><strong>Sed</strong></span> <span class='ocrx_word' id='word_1_158' title='bbox 1614 2903 1771 2988; x_wconf 88' lang='lat' dir='ltr'><strong>quia</strong></span> <span class='ocrx_word' id='word_1_159' title='bbox 1814 2903 2059 2967; x_wconf 83' lang='lat' dir='ltr'><strong>veritas</strong></span> <span class='ocrx_word' id='word_1_160' title='bbox 2103 2920 2321 2965; x_wconf 88' lang='lat' dir='ltr'><strong>rerum</strong></span> <span class='ocrx_word' id='word_1_161' title='bbox 2348 2906 2687 2986; x_wconf 82' lang='lat' dir='ltr'><strong>gestarum</strong></span> <span class='ocrx_word' id='word_1_162' title='bbox 2736 2916 2839 2976; x_wconf 52' lang='lat' dir='ltr'><strong>er&lt;</strong></span> 
     </span>
     <span class='ocr_line' id='line_1_22' title="bbox 451 2981 2839 3075; baseline -0.001 -25"><span class='ocrx_word' id='word_1_163' title='bbox 451 2981 716 3051; x_wconf 88' lang='lat' dir='ltr'><strong>roribus</strong></span> <span class='ocrx_word' id='word_1_164' title='bbox 773 3005 908 3048; x_wconf 90' lang='lat' dir='ltr'><strong>non</strong></span> <span class='ocrx_word' id='word_1_165' title='bbox 975 2986 1275 3059; x_wconf 84' lang='lat' dir='ltr'><strong>viciatur,</strong></span> <span class='ocrx_word' id='word_1_166' title='bbox 1343 2993 1412 3050; x_wconf 90' lang='lat' dir='ltr'><strong>et</strong></span> <span class='ocrx_word' id='word_1_167' title='bbox 1467 2986 1619 3052; x_wconf 87' lang='lat' dir='ltr'><strong>ideo</strong></span> <span class='ocrx_word' id='word_1_168' title='bbox 1679 2987 1892 3074; x_wconf 85' lang='lat' dir='ltr'><strong>judex</strong></span> <span class='ocrx_word' id='word_1_169' title='bbox 1937 2986 2007 3052; x_wconf 92' lang='lat' dir='ltr'><strong>id</strong></span> <span class='ocrx_word' id='word_1_170' title='bbox 2052 2987 2365 3075; x_wconf 87' lang='lat' dir='ltr'><strong>sequitur,</strong></span> <span class='ocrx_word' id='word_1_171' title='bbox 2408 2982 2587 3074; x_wconf 89' lang='lat' dir='ltr'><strong>quod</strong></span> <span class='ocrx_word' id='word_1_172' title='bbox 2631 2981 2839 3070; x_wconf 81' lang='lat' dir='ltr'><strong>plene</strong></span> 
     </span>
     <span class='ocr_line' id='line_1_23' title="bbox 455 3068 2841 3162; baseline -0.002 -26"><span class='ocrx_word' id='word_1_173' title='bbox 455 3077 738 3158; x_wconf 88' lang='lat' dir='ltr'><strong>apparet</strong></span> <span class='ocrx_word' id='word_1_174' title='bbox 761 3092 846 3135; x_wconf 87' lang='lat' dir='ltr'><strong>ex</strong></span> <span class='ocrx_word' id='word_1_175' title='bbox 871 3070 1004 3138; x_wconf 89' lang='lat' dir='ltr'><strong>fide</strong></span> <span class='ocrx_word' id='word_1_176' title='bbox 1049 3093 1295 3148; x_wconf 88' lang='lat' dir='ltr'><strong>eorum,</strong></span> <span class='ocrx_word' id='word_1_177' title='bbox 1341 3093 1513 3158; x_wconf 80' lang='lat' dir='ltr'><strong>quae</strong></span> <span class='ocrx_word' id='word_1_178' title='bbox 1559 3095 1781 3140; x_wconf 89' lang='lat' dir='ltr'><strong>coram</strong></span> <span class='ocrx_word' id='word_1_179' title='bbox 1826 3097 1904 3140; x_wconf 88' lang='lat' dir='ltr'><strong>eo</strong></span> <span class='ocrx_word' id='word_1_180' title='bbox 1948 3074 2331 3162; x_wconf 76' lang='lat' dir='ltr'><strong>probantur,</strong></span> <span class='ocrx_word' id='word_1_181' title='bbox 2376 3079 2445 3138; x_wconf 85' lang='lat' dir='ltr'><strong>et</strong></span> <span class='ocrx_word' id='word_1_182' title='bbox 2486 3071 2582 3136; x_wconf 91' lang='lat' dir='ltr'><strong>sic</strong></span> <span class='ocrx_word' id='word_1_183' title='bbox 2616 3068 2841 3158; x_wconf 83' lang='lat' dir='ltr'><strong>judex</strong></span> 
     </span>
     <span class='ocr_line' id='line_1_24' title="bbox 453 3153 2841 3246; baseline -0.002 -23"><span class='ocrx_word' id='word_1_184' title='bbox 453 3157 817 3224; x_wconf 86' lang='lat' dir='ltr'><strong>secundum</strong></span> <span class='ocrx_word' id='word_1_185' title='bbox 865 3156 1156 3244; x_wconf 86' lang='lat' dir='ltr'><strong>allegata</strong></span> <span class='ocrx_word' id='word_1_186' title='bbox 1200 3180 1428 3224; x_wconf 88' lang='lat' dir='ltr'><strong>secure</strong></span> <span class='ocrx_word' id='word_1_187' title='bbox 1477 3163 1873 3246; x_wconf 87' lang='lat' dir='ltr'><strong>pronunciet</strong></span> <span class='ocrx_word' id='word_1_188' title='bbox 1916 3171 1983 3228; x_wconf 87' lang='lat' dir='ltr'><strong>et</strong></span> <span class='ocrx_word' id='word_1_189' title='bbox 2074 3158 2322 3227; x_wconf 84' lang='lat' dir='ltr'><strong>robata.</strong></span> <span class='ocrx_word' id='word_1_190' title='bbox 2410 3163 2471 3242; x_wconf 66' lang='grc' dir='ltr'><strong>ξ.</strong></span> <span class='ocrx_word' id='word_1_191' title='bbox 2516 3157 2580 3222; x_wconf 85' lang='grc'><strong>3.</strong></span> <span class='ocrx_word' id='word_1_192' title='bbox 2650 3153 2841 3220; x_wconf 87' lang='lat' dir='ltr'><strong>Illud</strong></span> 
     </span>
     <span class='ocr_line' id='line_1_25' title="bbox 452 3241 2841 3332; baseline -0.003 -21"><span class='ocrx_word' id='word_1_193' title='bbox 452 3246 651 3311; x_wconf 88' lang='lat' dir='ltr'><strong>etiam</strong></span> <span class='ocrx_word' id='word_1_194' title='bbox 698 3244 1190 3311; x_wconf 85' lang='lat' dir='ltr'><strong>observandum</strong></span> <span class='ocrx_word' id='word_1_195' title='bbox 1236 3255 1338 3312; x_wconf 89' lang='lat' dir='ltr'><strong>est</strong></span> <span class='ocrx_word' id='word_1_196' title='bbox 1373 3247 1608 3332; x_wconf 87' lang='lat' dir='ltr'><strong>judici,</strong></span> <span class='ocrx_word' id='word_1_197' title='bbox 1654 3258 1731 3314; x_wconf 91' lang='lat' dir='ltr'><strong>ut</strong></span> <span class='ocrx_word' id='word_1_198' title='bbox 1772 3251 1842 3314; x_wconf 91' lang='lat' dir='ltr'><strong>in</strong></span> <span class='ocrx_word' id='word_1_199' title='bbox 1887 3269 2019 3314; x_wconf 85' lang='lat' dir='ltr'><strong>eun</strong></span> <span class='ocrx_word' id='word_1_200' title='bbox 2066 3268 2102 3313; x_wconf 92' lang='lat' dir='ltr'><strong>o</strong></span> <span class='ocrx_word' id='word_1_201' title='bbox 2146 3244 2348 3312; x_wconf 87' lang='lat' dir='ltr'><strong>facile</strong></span> <span class='ocrx_word' id='word_1_202' title='bbox 2388 3267 2463 3312; x_wconf 87' lang='lat' dir='ltr'><strong>se</strong></span> <span class='ocrx_word' id='word_1_203' title='bbox 2498 3241 2841 3332; x_wconf 82' lang='lat' dir='ltr'><strong>praebeat,</strong></span> 
     </span>
     <span class='ocr_line' id='line_1_26' title="bbox 453 3329 2843 3419; baseline -0 -22"><span class='ocrx_word' id='word_1_204' title='bbox 453 3331 770 3397; x_wconf 80' lang='lat' dir='ltr'><strong>divitibus</strong></span> <span class='ocrx_word' id='word_1_205' title='bbox 787 3339 853 3397; x_wconf 90' lang='lat' dir='ltr'><strong>et</strong></span> <span class='ocrx_word' id='word_1_206' title='bbox 868 3333 1353 3419; x_wconf 84' lang='lat' dir='ltr'><strong>pauperibusin</strong></span> <span class='ocrx_word' id='word_1_207' title='bbox 1371 3335 1508 3398; x_wconf 83' lang='lat' dir='ltr'><strong>suis</strong></span> <span class='ocrx_word' id='word_1_208' title='bbox 1525 3335 2029 3402; x_wconf 85' lang='lat' dir='ltr'><strong>necessitatibus</strong></span> <span class='ocrx_word' id='word_1_209' title='bbox 2059 3355 2139 3399; x_wconf 85' lang='lat' dir='ltr'><strong>ae</strong></span> <span class='ocrx_word' id='word_1_210' title='bbox 2184 3333 2425 3398; x_wconf 82' lang='lat' dir='ltr'><strong>ualiter</strong></span> <span class='ocrx_word' id='word_1_211' title='bbox 2454 3329 2843 3398; x_wconf 76' lang='lat' dir='ltr'><strong>auscultan-</strong></span> 
     </span>
     <span class='ocr_line' id='line_1_27' title="bbox 452 3416 2924 3509; baseline -0 -27"><span class='ocrx_word' id='word_1_212' title='bbox 452 3419 557 3484; x_wconf 92' lang='lat' dir='ltr'><strong>do.</strong></span> <span class='ocrx_word' id='word_1_213' title='bbox 603 3417 707 3482; x_wconf 88' lang='lat' dir='ltr'><strong>Ita</strong></span> <span class='ocrx_word' id='word_1_214' title='bbox 729 3416 1032 3504; x_wconf 84' lang='lat' dir='ltr'><strong>placatur</strong></span> <span class='ocrx_word' id='word_1_215' title='bbox 1053 3418 1260 3500; x_wconf 87' lang='lat' dir='ltr'><strong>Deus,</strong></span> <span class='ocrx_word' id='word_1_216' title='bbox 1297 3426 1364 3484; x_wconf 91' lang='lat' dir='ltr'><strong>et</strong></span> <span class='ocrx_word' id='word_1_217' title='bbox 1398 3421 1607 3506; x_wconf 86' lang='lat' dir='ltr'><strong>ipsius</strong></span> <span class='ocrx_word' id='word_1_218' title='bbox 1632 3421 1993 3509; x_wconf 86' lang='lat' dir='ltr'><strong>judicantis</strong></span> <span class='ocrx_word' id='word_1_219' title='bbox 2008 3421 2141 3487; x_wconf 86' lang='lat' dir='ltr'><strong>fide</strong></span> <span class='ocrx_word' id='word_1_220' title='bbox 2168 3421 2297 3485; x_wconf 84' lang='lat' dir='ltr'><strong>itas</strong></span> <span class='ocrx_word' id='word_1_221' title='bbox 2312 3420 2383 3484; x_wconf 89' lang='lat' dir='ltr'><strong>in</strong></span> <span class='ocrx_word' id='word_1_222' title='bbox 2406 3424 2841 3504; x_wconf 82' lang='lat' dir='ltr'><strong>conspectum</strong></span> <span class='ocrx_word' id='word_1_223' title='bbox 2915 3467 2924 3472; x_wconf 86' lang='lat'><strong>.</strong></span> 
     </span>
     <span class='ocr_line' id='line_1_28' title="bbox 449 3505 2841 3592; baseline -0.002 -22"><span class='ocrx_word' id='word_1_224' title='bbox 449 3505 774 3592; x_wconf 89' lang='lat' dir='ltr'><strong>principis</strong></span> <span class='ocrx_word' id='word_1_225' title='bbox 841 3513 908 3569; x_wconf 86' lang='lat' dir='ltr'><strong>et</strong></span> <span class='ocrx_word' id='word_1_226' title='bbox 975 3507 1188 3570; x_wconf 87' lang='lat' dir='ltr'><strong>omnis</strong></span> <span class='ocrx_word' id='word_1_227' title='bbox 1255 3507 1484 3591; x_wconf 88' lang='lat' dir='ltr'><strong>populi</strong></span> <span class='ocrx_word' id='word_1_228' title='bbox 1572 3511 1894 3575; x_wconf 86' lang='lat' dir='ltr'><strong>virtutum</strong></span> <span class='ocrx_word' id='word_1_229' title='bbox 1976 3508 2181 3574; x_wconf 83' lang='lat' dir='ltr'><strong>radiis</strong></span> <span class='ocrx_word' id='word_1_230' title='bbox 2262 3506 2611 3581; x_wconf 84' lang='lat' dir='ltr'><strong>elucescet,</strong></span> <span class='ocrx_word' id='word_1_231' title='bbox 2676 3523 2841 3568; x_wconf 84' lang='lat' dir='ltr'><strong>nam</strong></span> 
     </span>
     <span class='ocr_line' id='line_1_29' title="bbox 453 3591 2841 3681; baseline -0.001 -24"><span class='ocrx_word' id='word_1_232' title='bbox 453 3592 832 3657; x_wconf 80' lang='lat' dir='ltr'><strong>summatim</strong></span> <span class='ocrx_word' id='word_1_233' title='bbox 874 3591 988 3677; x_wconf 85' lang='lat' dir='ltr'><strong>jus</strong></span> <span class='ocrx_word' id='word_1_234' title='bbox 1032 3591 1312 3660; x_wconf 85' lang='lat' dir='ltr'><strong>reddere</strong></span> <span class='ocrx_word' id='word_1_235' title='bbox 1358 3592 1574 3676; x_wconf 84' lang='lat' dir='ltr'><strong>debet,</strong></span> <span class='ocrx_word' id='word_1_236' title='bbox 1622 3605 1695 3661; x_wconf 87' lang='lat' dir='ltr'><strong>ut</strong></span> <span class='ocrx_word' id='word_1_237' title='bbox 1738 3617 1857 3662; x_wconf 89' lang='lat' dir='ltr'><strong>suo</strong></span> <span class='ocrx_word' id='word_1_238' title='bbox 1890 3595 2157 3681; x_wconf 83' lang='lat' dir='ltr'><strong>ingenio</strong></span> <span class='ocrx_word' id='word_1_239' title='bbox 2200 3592 2658 3658; x_wconf 84' lang='lat' dir='ltr'><strong>auctoritatem</strong></span> <span class='ocrx_word' id='word_1_240' title='bbox 2720 3609 2841 3656; x_wconf 77' lang='lat' dir='ltr'><strong>au-</strong></span> 
     </span>
     <span class='ocr_line' id='line_1_30' title="bbox 450 3677 2843 3769; baseline -0.002 -25"><span class='ocrx_word' id='word_1_241' title='bbox 450 3687 606 3764; x_wconf 85' lang='lat' dir='ltr'><strong>geat</strong></span> <span class='ocrx_word' id='word_1_242' title='bbox 649 3677 1008 3762; x_wconf 84' lang='lat' dir='ltr'><strong>dignitatis.</strong></span> <span class='ocrx_word' id='word_1_243' title='bbox 1055 3683 1116 3762; x_wconf 68' lang='grc' dir='ltr'><strong>ξ.</strong></span> <span class='ocrx_word' id='word_1_244' title='bbox 1163 3680 1224 3745; x_wconf 89' lang='grc'><strong>4.</strong></span> <span class='ocrx_word' id='word_1_245' title='bbox 1271 3678 1370 3744; x_wconf 88' lang='lat' dir='ltr'><strong>Re</strong></span> <span class='ocrx_word' id='word_1_246' title='bbox 1421 3681 1656 3746; x_wconf 87' lang='lat' dir='ltr'><strong>uiritur</strong></span> <span class='ocrx_word' id='word_1_247' title='bbox 1700 3684 1896 3747; x_wconf 84' lang='lat' dir='ltr'><strong>etiam</strong></span> <span class='ocrx_word' id='word_1_248' title='bbox 1942 3684 2013 3746; x_wconf 91' lang='lat' dir='ltr'><strong>in</strong></span> <span class='ocrx_word' id='word_1_249' title='bbox 2048 3679 2277 3769; x_wconf 70' lang='lat' dir='ltr'><strong>Judioe</strong></span> <span class='ocrx_word' id='word_1_250' title='bbox 2320 3677 2589 3746; x_wconf 77' lang='lat' dir='ltr'><strong>moralis</strong></span> <span class='ocrx_word' id='word_1_251' title='bbox 2622 3684 2843 3742; x_wconf 86' lang='lat' dir='ltr'><strong>matu-</strong></span> 
     </span>
     <span class='ocr_line' id='line_1_31' title="bbox 449 3702 2841 3856; baseline -0.001 -26"><span class='ocrx_word' id='word_1_252' title='bbox 449 3767 613 3830; x_wconf 85' lang='lat' dir='ltr'><strong>ritas</strong></span> <span class='ocrx_word' id='word_1_253' title='bbox 685 3773 750 3829; x_wconf 90' lang='lat' dir='ltr'><strong>et</strong></span> <span class='ocrx_word' id='word_1_254' title='bbox 823 3767 1199 3830; x_wconf 85' lang='lat' dir='ltr'><strong>constantia</strong></span> <span class='ocrx_word' id='word_1_255' title='bbox 1259 3702 1720 3852; x_wconf 43' lang='lat' dir='ltr'><strong>perssectorum,</strong></span> <span class='ocrx_word' id='word_1_256' title='bbox 1782 3771 1938 3856; x_wconf 87' lang='lat' dir='ltr'><strong>quia</strong></span> <span class='ocrx_word' id='word_1_257' title='bbox 2028 3777 2229 3834; x_wconf 80' lang='lat' dir='ltr'><strong>uanto</strong></span> <span class='ocrx_word' id='word_1_258' title='bbox 2276 3767 2423 3853; x_wconf 89' lang='lat' dir='ltr'><strong>quis</strong></span> <span class='ocrx_word' id='word_1_259' title='bbox 2468 3762 2841 3851; x_wconf 83' lang='lat' dir='ltr'><strong>majoribus</strong></span> 
     </span>
     <span class='ocr_line' id='line_1_32' title="bbox 448 3847 2843 3956; baseline -0.001 -39"><span class='ocrx_word' id='word_1_260' title='bbox 448 3858 730 3956; x_wconf 81' lang='lat' dir='ltr'><strong>praeest,</strong></span> <span class='ocrx_word' id='word_1_261' title='bbox 779 3858 963 3918; x_wconf 85' lang='lat' dir='ltr'><strong>tanto</strong></span> <span class='ocrx_word' id='word_1_262' title='bbox 1010 3852 1350 3918; x_wconf 87' lang='lat' dir='ltr'><strong>honestior</strong></span> <span class='ocrx_word' id='word_1_263' title='bbox 1375 3875 1520 3920; x_wconf 88' lang='lat' dir='ltr'><strong>esse</strong></span> <span class='ocrx_word' id='word_1_264' title='bbox 1547 3855 1760 3922; x_wconf 88' lang='lat' dir='ltr'><strong>debet.</strong></span> <span class='ocrx_word' id='word_1_265' title='bbox 1806 3857 1863 3940; x_wconf 62' lang='grc' dir='ltr'><strong>ἕ.</strong></span> <span class='ocrx_word' id='word_1_266' title='bbox 1888 3856 1951 3921; x_wconf 84' lang='grc'><strong>5.</strong></span> <span class='ocrx_word' id='word_1_267' title='bbox 2062 3875 2350 3942; x_wconf 88' lang='lat' dir='ltr'><strong>unquam</strong></span> <span class='ocrx_word' id='word_1_268' title='bbox 2396 3852 2596 3918; x_wconf 84' lang='lat' dir='ltr'><strong>etiam</strong></span> <span class='ocrx_word' id='word_1_269' title='bbox 2637 3847 2843 3916; x_wconf 87' lang='lat' dir='ltr'><strong>debet</strong></span> 
     </span>
     <span class='ocr_line' id='line_1_33' title="bbox 442 3936 2843 4026; baseline -0.001 -23"><span class='ocrx_word' id='word_1_270' title='bbox 442 3938 663 4025; x_wconf 82' lang='lat' dir='ltr'><strong>Judex</strong></span> <span class='ocrx_word' id='word_1_271' title='bbox 705 3936 896 4002; x_wconf 86' lang='lat' dir='ltr'><strong>vultu</strong></span> <span class='ocrx_word' id='word_1_272' title='bbox 941 3941 1043 4006; x_wconf 89' lang='lat' dir='ltr'><strong>sui</strong></span> <span class='ocrx_word' id='word_1_273' title='bbox 1105 3939 1312 4004; x_wconf 89' lang='lat' dir='ltr'><strong>animi</strong></span> <span class='ocrx_word' id='word_1_274' title='bbox 1365 3950 1614 4006; x_wconf 87' lang='lat' dir='ltr'><strong>motum</strong></span> <span class='ocrx_word' id='word_1_275' title='bbox 1674 3940 2084 4026; x_wconf 82' lang='lat' dir='ltr'><strong>litigantibus</strong></span> <span class='ocrx_word' id='word_1_276' title='bbox 2142 3939 2472 4023; x_wconf 81' lang='lat' dir='ltr'><strong>revelare3</strong></span> <span class='ocrx_word' id='word_1_277' title='bbox 2530 3957 2667 4003; x_wconf 90' lang='lat' dir='ltr'><strong>non</strong></span> <span class='ocrx_word' id='word_1_278' title='bbox 2736 3942 2843 4001; x_wconf 88' lang='lat' dir='ltr'><strong>est</strong></span> 
     </span>
     <span class='ocr_line' id='line_1_34' title="bbox 454 4023 2841 4114; baseline -0 -25"><span class='ocrx_word' id='word_1_279' title='bbox 454 4033 768 4091; x_wconf 86' lang='lat' dir='ltr'><strong>constans</strong></span> <span class='ocrx_word' id='word_1_280' title='bbox 805 4024 1018 4108; x_wconf 86' lang='lat' dir='ltr'><strong>judex</strong></span> <span class='ocrx_word' id='word_1_281' title='bbox 1063 4034 1131 4092; x_wconf 91' lang='lat' dir='ltr'><strong>et</strong></span> <span class='ocrx_word' id='word_1_282' title='bbox 1177 4025 1530 4114; x_wconf 85' lang='lat' dir='ltr'><strong>perfectus,</strong></span> <span class='ocrx_word' id='word_1_283' title='bbox 1576 4028 1771 4114; x_wconf 87' lang='lat' dir='ltr'><strong>cujus</strong></span> <span class='ocrx_word' id='word_1_284' title='bbox 1816 4028 2021 4096; x_wconf 84' lang='lat' dir='ltr'><strong>animi</strong></span> <span class='ocrx_word' id='word_1_285' title='bbox 2064 4034 2291 4094; x_wconf 87' lang='lat' dir='ltr'><strong>notum</strong></span> <span class='ocrx_word' id='word_1_286' title='bbox 2314 4025 2542 4093; x_wconf 85' lang='lat' dir='ltr'><strong>vultus</strong></span> <span class='ocrx_word' id='word_1_287' title='bbox 2566 4023 2841 4109; x_wconf 86' lang='lat' dir='ltr'><strong>detegit.</strong></span> 
     </span>
     <span class='ocr_line' id='line_1_35' title="bbox 453 4108 2839 4203; baseline 0 -29"><span class='ocrx_word' id='word_1_288' title='bbox 453 4115 514 4192; x_wconf 67' lang='lat'><strong>§-</strong></span> <span class='ocrx_word' id='word_1_289' title='bbox 539 4113 600 4176; x_wconf 91' lang='grc'><strong>6.</strong></span> <span class='ocrx_word' id='word_1_290' title='bbox 647 4110 932 4197; x_wconf 86' lang='lat' dir='ltr'><strong>Insuper</strong></span> <span class='ocrx_word' id='word_1_291' title='bbox 975 4113 1175 4179; x_wconf 89' lang='lat' dir='ltr'><strong>debet</strong></span> <span class='ocrx_word' id='word_1_292' title='bbox 1189 4135 1334 4180; x_wconf 88' lang='lat' dir='ltr'><strong>esse</strong></span> <span class='ocrx_word' id='word_1_293' title='bbox 1370 4113 1586 4203; x_wconf 82' lang='lat' dir='ltr'><strong>judex</strong></span> <span class='ocrx_word' id='word_1_294' title='bbox 1630 4115 1966 4201; x_wconf 85' lang='lat' dir='ltr'><strong>pacificus,</strong></span> <span class='ocrx_word' id='word_1_295' title='bbox 2010 4123 2079 4180; x_wconf 90' lang='lat' dir='ltr'><strong>et</strong></span> <span class='ocrx_word' id='word_1_296' title='bbox 2120 4121 2373 4179; x_wconf 84' lang='lat' dir='ltr'><strong>tantam</strong></span> <span class='ocrx_word' id='word_1_297' title='bbox 2416 4113 2490 4177; x_wconf 90' lang='lat' dir='ltr'><strong>in</strong></span> <span class='ocrx_word' id='word_1_298' title='bbox 2530 4132 2609 4178; x_wconf 79' lang='lat' dir='ltr'><strong>se</strong></span> <span class='ocrx_word' id='word_1_299' title='bbox 2654 4108 2839 4176; x_wconf 85' lang='lat' dir='ltr'><strong>ordi-</strong></span> 
     </span>
     <span class='ocr_line' id='line_1_36' title="bbox 449 4196 2840 4290; baseline 0 -30"><span class='ocrx_word' id='word_1_300' title='bbox 449 4199 784 4262; x_wconf 86' lang='lat' dir='ltr'><strong>nationem</strong></span> <span class='ocrx_word' id='word_1_301' title='bbox 845 4197 1108 4282; x_wconf 85' lang='lat' dir='ltr'><strong>habere,</strong></span> <span class='ocrx_word' id='word_1_302' title='bbox 1171 4200 1348 4288; x_wconf 87' lang='lat' dir='ltr'><strong>quod</strong></span> <span class='ocrx_word' id='word_1_303' title='bbox 1407 4223 1637 4268; x_wconf 88' lang='lat' dir='ltr'><strong>omnes</strong></span> <span class='ocrx_word' id='word_1_304' title='bbox 1699 4210 1915 4268; x_wconf 86' lang='lat' dir='ltr'><strong>motus</strong></span> <span class='ocrx_word' id='word_1_305' title='bbox 1959 4202 2171 4290; x_wconf 86' lang='lat' dir='ltr'><strong>ipsius</strong></span> <span class='ocrx_word' id='word_1_306' title='bbox 2216 4199 2529 4268; x_wconf 78' lang='lat' dir='ltr'><strong>obediant</strong></span> <span class='ocrx_word' id='word_1_307' title='bbox 2568 4196 2840 4276; x_wconf 82' lang='lat' dir='ltr'><strong>rationi,</strong></span> 
     </span>
     <span class='ocr_line' id='line_1_37' title="bbox 447 4284 2836 4374; baseline 0.001 -27"><span class='ocrx_word' id='word_1_308' title='bbox 447 4303 618 4370; x_wconf 85' lang='lat' dir='ltr'><strong>quae</strong></span> <span class='ocrx_word' id='word_1_309' title='bbox 684 4286 994 4352; x_wconf 83' lang='lat' dir='ltr'><strong>universa</strong></span> <span class='ocrx_word' id='word_1_310' title='bbox 1054 4295 1229 4354; x_wconf 87' lang='lat' dir='ltr'><strong>recte</strong></span> <span class='ocrx_word' id='word_1_311' title='bbox 1295 4286 1591 4374; x_wconf 86' lang='lat' dir='ltr'><strong>disponit</strong></span> <span class='ocrx_word' id='word_1_312' title='bbox 1649 4299 1716 4356; x_wconf 87' lang='lat' dir='ltr'><strong>et</strong></span> <span class='ocrx_word' id='word_1_313' title='bbox 1775 4290 1939 4358; x_wconf 90' lang='lat' dir='ltr'><strong>nihil</strong></span> <span class='ocrx_word' id='word_1_314' title='bbox 1998 4287 2444 4356; x_wconf 83' lang='lat' dir='ltr'><strong>inordinatum</strong></span> <span class='ocrx_word' id='word_1_315' title='bbox 2490 4284 2836 4374; x_wconf 82' lang='lat' dir='ltr'><strong>relinquit.</strong></span> 
     </span>
    </p>
   </div>
  </div>
 </body>
</html>
