3150 5017
1181 293 1654 366 ...245-

1378 539 1454 605 Β.

1140 677 1328 759 1290,
1374 677 1481 743 25.
1529 675 1706 764 Sept.

392 814 785 902 Rudolphus
831 817 958 881 Dei
1005 819 1218 900 gratia
1262 816 1707 883 Romanorum
1755 839 1896 899 rex,
1961 839 2220 903 semper
2260 828 2608 902 augustus.

389 903 736 968 Universis
758 905 930 968 sacri
952 905 1231 968 Romani
1255 903 1513 988 imperii
1557 904 1892 987 fidelibus,
1931 911 2306 991 praesentes
2351 903 2606 970 litteras

227 990 633 1074 inspecturis,
674 992 961 1076 ,gratiam
1008 1012 1191 1056 suam
1240 999 1307 1056 et‘
1352 1010 1545 1055 omne
1592 991 1859 1056 bonum.

394 1075 869 1142 Universitatis
928 1085 1189 1143 vestrae
1235 1077 1509 1142 notitiae
1568 1078 1960 1158 innotescat,
2022 1075 2199 1164 quod
2257 1099 2382 1142 nos
2427 1077 2596 1144 ordi-

235 1163 564 1228 nationem
634 1185 752 1228 seu
811 1165 1311 1250 promissionem
1362 1163 1442 1228 de
1485 1172 1665 1230 terra
1709 1173 1776 1230 et
1832 1164 2210 1250 principatu
2256 1159 2601 1229 Wratisla-

225 1250 363 1312 viae
409 1259 475 1314 et
528 1249 799 1331 Slesiae,
846 1272 1014 1338 quae
1060 1273 1099 1314 a
1144 1249 1343 1315 nobis
1381 1258 1447 1314 et
1491 1251 1770 1336 imperio
1816 1250 2146 1315 habentur
2191 1253 2259 1314 in
2305 1249 2595 1331 feodum,

230 1357 415 1421 quam
480 1334 759 1400 illustris
822 1337 1151 1423 quondam
1214 1337 1549 1402 Henricus
1617 1338 1756 1401 dux
1812 1335 2318 1419 Wratislaviae,
2378 1346 2602 1401 noster

226 1423 553 1508 princeps,
602 1444 748 1487 cum
796 1424 1035 1490 illustri
1084 1433 1149 1490 et
1194 1423 1534 1510 praeclaro
1594 1422 1701 1490 W.
1749 1445 1902 1508 rege
1948 1424 2280 1504 Boemiae,
2339 1422 2482 1487 filio
2531 1431 2598 1487 et

228 1510 515 1594 princip-e
578 1519 802 1575 nostro
862 1511 1225 1586 carissimo,
1286 1509 1598 1576 videlicet
1661 1511 1838 1597 quod
1898 1510 2075 1576 idem
2120 1531 2241 1575 rex
2285 1510 2596 1576 Boemiae

225 1598 287 1658 in
330 1605 507 1660 terra
554 1604 619 1662 et
664 1598 1043 1684 principatu
1100 1597 1568 1663 Wratislaviae
1615 1608 1680 1662 et
1713 1597 1984 1676 Slesiae,
2039 1598 2096 1662 si
2145 1599 2362 1684 ipsum
2407 1596 2588 1660 Hen-

226 1681 419 1746 ricum
487 1683 725 1748 ducem
789 1685 1113 1769 praemori
1191 1685 1616 1770 contingeret,
1678 1685 1806 1748 sibi
1880 1683 2146 1750 deberet
2223 1684 2598 1765 succedere,

230 1769 444 1834 iniisse
510 1767 877 1835 dinoscitur
938 1780 1004 1837 et
1048 1771 1301 1852 fecisse,
1362 1769 1682 1837 habemus
1741 1778 1952 1836 ratam
2016 1779 2082 1836 et
2125 1777 2399 1855 gratam,
2449 1791 2596 1834 eam

226 1856 297 1920 de
352 1854 771 1942 plenitudine
833 1859 1177 1944 potestatis
1238 1859 1460 1943 regiae
1520 1857 1994 1924 confirmantes
2056 1866 2120 1921 et
2181 1855 2416 1920 dantes
2475 1854 2598 1922 has

220 1941 461 2007 litteras
512 1952 773 2008 nostras
820 1943 1037 2030 sigillo
1063 1954 1285 2010 nostro
1312 1946 1620 2023 munitas,
1665 1946 1734 2008 in
1779 1945 2229 2010 testimonium
2276 1963 2596 2030 supereo.

381 2029 639 2096 Datum
684 2030 1030 2096 Erfordiae
1079 2031 1225 2096 VII.
1270 2030 1549 2096 Kalend.
1585 2029 1910 2112 Octobris,
1959 2029 2331 2095 Indictione
2376 2029 2590 2110 tertia,

216 2113 423 2180 Anno‘
449 2117 728 2183 Domini
773 2117 1128 2182 Millesimo
1174 2115 1644 2200 OCLXXXX,
1707 2119 1894 2202 regni
1956 2137 2117 2182 vero
2163 2117 2366 2180 nostri
2412 2136 2588 2180 anno

220 2201 465 2269 decimo
518 2205 812 2290 septimo.
1549 2241 1554 2245 ·

1346 2363 1418 2428 O.

1132 2502 1316 2568 1290.
1366 2503 1471 2568 26.
1519 2500 1696 2588 Sept.

356 2636 779 2721 -ssudolphus
835 2639 965 2703 Dei
1026 2640 1242 2724 gratia
1288 2640 1732 2706 Romanorum
1780 2661 1900 2704 rex
1946 2661 2207 2728 semper
2249 2649 2592 2725 augustus.

378 2725 725 2790 Universis
770 2729 937 2790 sacri
984 2726 1892 2812 imperii·Romanifidelibus,
1939 2735 2322 2814 praesentes
2342 2729 2596 2793 litteras

217 2811 630 2898 inspecturis,
676 2813 957 2896 gratiam
986 2833 1189 2878 suam
1234 2822 1299 2878 et
1346 2835 1540 2878 omne
1587 2813 1856 2881 bonum.
2149 2871 2154 2876 .

296 2901 337 2913 '⁷
375 2898 567 2964 Licet
626 2899 1114 2964 munificentiae
1175 2910 1439 2966 nostrae
1500 2900 1842 2966 dexteram
1886 2900 1974 2965 ad
2019 2909 2291 2966 cunctos
2336 2899 2588 2982 fideles,

214 3005 383 3070 quos·
412 2986 784 3053 Romanum
846 2985 1051 3049 ambit
1109 2987 1475 3069 imperium,
1540 3009 1628 3052 ex
1685 2988 1888 3051 officii
1947 2985 2192 3054 debito.
2229 2985 2422 3051 nobis
2482 2987 2598 3054 de—

212 3093 401 3156 super
443 3073 851 3137 reeommissi
900 3075 1233 3157 porrigere
1276 3083 1653 3138 teneamur:
1703 3075 1992 3138 maxime
2031 3083 2250 3138 tamen
2297 3072 2591 3141 illustres

212 3159 559 3244 principes,
626 3160 739 3245 qui
786 3157 967 3223 velut
1025 3181 1263 3226 aurora
1322 3160 1529 3226 stellis
1591 3159 2052 3246 praerutilans,
2123 3163 2459 3225 'virtutum
2489 3161 2588 3226 in-

211 3246 433 3328 signiis
480 3247 720 3310 ceteris⁴
760 3246 1293 3330 praestantiores,
1361 3246 1770 3333 imperialem
1817 3245 2098 3332 gloriam
2143 3246 2434 3313 reddunt
2477 3269 2581 3313 ra·-

214 3329 497 3396 diantius
542 3331 960 3412 illustratam,
1008 3355 1127 3397 nos
1174 3332 1456 3399 delectat
1492 3333 1848 3419 gratiosius
1893 3335 2180 3418 gratiosa
2225 3332 2582 3401 dulcedine

213 3419 616 3502 praevenim.
664 3418 1136 3484 .Attendentes
1194 3421 1419 3506 itaque
1480 3420 1806 3507 inclytum
1866 3419 2302 3487 Wenczlaum
2361 3441 2584 3506 regem

210 3503 549 3579 Bo'emiae,
598 3507 973 3592 prinoipem
1050 3516 1113 3571 et
1190 3505 1402 3571 filium
1478 3517 1776 3573 nostrum
1855 3507 2302 3588 carissimum,
2361 3515 2588 3592 utpote

209 3590 373 3655 bene
424 3593 749 3673 meritum,
796 3591 1143 3676 condignis
1189 3595 1499 3678 praemiis
1545 3595 2079 3679 praemiandum:
2139 3594 2586 3678 principatum

210 3676 672 3743 Wratislaviae
716 3687 781 3743 et
826 3677 1077 3744 Slesiae
1109 3701 1300 3766 quem
1328 3704 1389 3744 -a
1433 3681 1622 3746 nobis
1648 3682 2011 3766 etimperio
2057 3679 2338 3746 illustris.
2378 3702 2587 3766 quon-

211 3763 356 3828 dam
384 3765 729 3828 ‘Hem-icus
794 3766 933 3830 dux
999 3765 1465 3832 Wratisla‘viae
1532 3769 1781 3855 recepit
1843 3770 1910 3831 in
1973 3766 2259 3848 feodum,
2323 3784 2586 3834 necnon

210 3851 427 3914 omnia
485 3850 685 3915 feoda
749 3858 1055 3918 vacantia
1116 3875 1201 3917 ex
1265 3863 1473 3919 morte
1534 3855 1831 3938 ejusdem
1908 3853 2182 3918 Heni-,ici
2243 3853 2578 3939 quondam

210 3934 392 4001 ducis
434 3937 918 4014 Wratislaviae‚
964 3940 1051 4004 ad
1098 3963 1216 4004 nos
1262 3949 1330 4006 et
1372 3941 1720 4026 imperium
1768 3941 2185 4026 pertinentia,
2247 3961 2398 4004 cum
2445 3962 2581 4005 om-

209 4024 396 4087 nibus
440 4025 574 4088 suis
598 4026 985 4105 attinentiis,
1030 4027 1571 4110 possessionibus,
1611 4026 2184 4111 jurisdictionibus
2219 4036 2285 4092 et
2313 4027 2582 4110 juribus

209 4110 531 4175 universis
573 4132 865 4195 quocum.
910 4135 1006 4176 ue*
1035 4115 1301 4178 nomine
1348 4124 1762 4196 censeantur,
1827 4112 2000 4178 dieto
2063 4115 2204 4198 regi
2265 4113 2577 4194 Boemiae

210 4203 273 4258 et
304 4197 453 4271 suis
492 4197 847 4262 heredibus
938 4195 1686 4286 abendaspossidenda,
1731 4223 1772 4264 a
1816 4198 2006 4265 nobis
2051 4208 2128 4267 et.
2161 4201 2438 4285 imperio
2484 4208 2582 4267 te-

209 4282 423 4347 nenda
464 4282 653 4349 titulo
700 4284 943 4350 feodali
990 4285 1300 4352 duximus
1364 4286 1785 4355 conferenda.
1849 4286 2081 4373 Siquid
2127 4295 2346 4354 autem
2393 4287 2582 4352 dimi-
