3150 5017
1188 308 1270 320 -
1364 270 1662 337 183-

252 443 759 529 possessionibus
818 453 1015 529 atque
1076 441 1267 509 bonis
1337 442 1529 508 dictis
1591 440 2082 523 Shutenhoven,
2131 439 2606 528 Gresensteyn,

251 530 656 617 Erensprune
713 539 779 595 et
837 529 985 595 aliis
1046 528 1351 594 omnibus
1400 528 1666 613 juribus
1739 526 1866 593 sibi
1921 525 2408 613 heredibusque
2473 530 2608 593 suis

256 615 759 701 competentibus
801 617 872 681 in
914 636 1119 700 regno
1165 614 1543 689 Bohemiae,
1590 613 1936 679 ducatibus
1980 613 2311 689 Austriae‚
2358 613 2618 700 Styriae

256 712 311 767 et
364 701 780 783 Karinthiae,
856 701 1315 766 marchionatu
1388 700 1752 782 Moraviae,
1828 700 2174 765 dominatu
2266 699 2618 765 Oarniolae

252 796 432 873 atque
462 788 471 795 ’
496 788 810 867 Marchia,
870 788 1084 873 Egra,
1148 788 1445 872 exceptis
1506 787 1858 852 dumtaxat
1920 784 2318 875 quibusdam
2362 806 2618 872 posses-

252 874 529 940 sionibus
570 876 641 940 in
687 874 986 945 Wachov
1033 875 1104 939 in
1150 872 1425 939 Austria
1469 874 1740 941 situatis.

1384 1184 1485 1253 64.

190 1392 197 1399 .
249 1318 724 1403 Confirmatio
810 1319 1277 1422 systematis
1348 1318 1692 1404 feudalis
1769 1317 2114 1423 episcopi
2200 1316 2614 1403 Brunonis.

1178 1461 1366 1540 1274,
1412 1458 1471 1523 8.
1518 1456 1670 1523 Jan.

430 1614 546 1665 Rex
580 1612 929 1678 Premyslaus
968 1612 1231 1664 Otacarus
1266 1613 1342 1665 11.
1378 1614 1655 1679 systemati
1701 1611 1902 1663 feudali
1955 1612 2025 1664 ab
2076 1612 2324 1679 episcopo
2360 1612 2616 1663 Brunone

244 1698 287 1733 a.
322 1684 447 1733 1251
483 1685 543 1733 in
579 1682 738 1734 bonis
773 1683 1113 1747 episcopatus
1150 1681 1523 1733 Olomucensis
1559 1682 1881 1749 introductu,
1918 1680 2086 1732 literis
2121 1695 2266 1732 anno
2304 1682 2439 1732 1274
2476 1680 2616 1735 datis

242 1766 499 1803 assensum
535 1767 695 1804 suum
730 1750 965 1816 regalem
999 1750 1273 1815 praebuit3
1324 1752 1507 1802 omnia
1542 1751 1652 1804 fere
1702 1752 1846 1802 bona
1899 1750 2236 1816 episcopatus
2288 1753 2341 1800 et
2393 1748 2616 1815 capituli

242 1819 617 1888 olomucensis,
654 1834 792 1883 quae
827 1820 884 1868 in
919 1819 1065 1869 hunc
1098 1818 1241 1873 diem
1272 1820 1392 1885 jure
1430 1819 1634 1871 feudali
1668 1820 1926 1886 gaudent,
1981 1819 2081 1869 sub
2115 1818 2444 1883 temporibus
2479 1819 2614 1869 Bru-

242 1891 381 1939 nonis
414 1890 515 1940 hoc
542 1889 671 1954 jure
723 1888 1013 1941 constituta
1061 1892 1212 1947 sunt3
1261 1904 1312 1942 a.
1364 1890 1496 1941 1251
1544 1889 1774 1951 Hirsiee,
1822 1902 1874 1937 a.
1925 1888 2059 1938 1255
2108 1886 2312 1952 Glesin,
2359 1887 2615 1952 Thomas,

240 1956 643 2024 Rudolfeswald‚
680 1956 1129 2024 Godefridesdorf‚
1166 1956 1420 2022 Slavkov,
1458 1972 1507 2008 a.
1547 1959 1684 2007 1256
1720 1954 1978 2019 Slaviein,
2009 1954 2268 2021 Bssovice,
2306 1955 2616 2021 Biskupice,

238 2026 584 2091 Praksieem.
624 2028 759 2077 1263
797 2026 1017 2091 chorin,
1052 2026 1311 2089 Miletiae,
1348 2040 1399 2077 a.
1439 2027 1575 2077 1268
1613 2012 1790 2090 zeles,
1827 2011 2081 2090 zatsany,
2113 2024 2372 2087 Modrice,
2403 2038 2453 2075 a.
2477 2026 2614 2075 1270

239 2095 595 2161 Komarovice,
628 2093 783 2146 Nova
814 2095 922 2146 Ves
942 2131 957 2158 ,
989 2092 1200 2146 Branec
1224 2132 1237 2159 ,
1273 2095 1476 2147 Babice
1499 2130 1513 2159 ,
1547 2094 1770 2161 Tueapy
1791 2130 1806 2157 ,
1841 2092 2169 2159 Pacetlukm
2205 2077 2422 2159 ἒρίόἱεγ,
2457 2089 2613 2144 Νονά

240 2164 333 2215 Vos
364 2162 561 2227 drab&
598 2164 999 2229 Tlustomosty3
1051 2164 1407 2226 Kovalovic03
1457 2178 1509 2216 a.
1562 2165 1697 2215 12⁷2
1743 2161 1908 2229 36153
1957 2164 2091 2214 1273
2137 2161 2460 2225 Krakovice,
2493 2161 2612 2213 Μο-

240 2231 387 2299 ἔειιιγς
418 2232 586 2285 Κοτῐο
622 2238 722 2285 etc.
759 2238 861 2283 etc.

428 2302 535 2370 (Ex
570 2301 827 2367 originali
859 2301 919 2350 in
952 2300 1097 2355 arch.
1133 2300 1358 2369 capituli
1395 2299 1875 2353 Olomuc.Boczek
1893 2298 2024 2351 God.
2045 2297 2192 2364 Dipl.
2211 2299 2348 2351 Mor.
2367 2298 2462 2350 IV.
2498 2296 2609 2363 78.)

395 2436 726 2503 Otacarus
769 2436 902 2501 Dei
946 2438 1163 2522 gratia
1218 2437 1530 2502 Boemiae
1572 2458 1694 2502 rex
1737 2436 2028 2522 quintus,
2087 2434 2226 2499 dux
2268 2433 2606 2515 Austriae,

236 2520 503 2607 Styriae,
579 2522 989 2604 Kariathiae,
1056 2522 1347 2587 marchio
1420 2522 1792 2596 Moraviae‚
1855 2521 2162 2586 dominus
2235 2518 2606 2601 carniolae,

236 2608 589 2688 Marchiae,
628 2609 847 2694 Egi-ae
892 2630 973 2673 ac
1012 2609 1253 2675 Portus
1304 2609 1571 2674 Naonis.

396 2693 727 2761 Omnibus
786 2704 1199 2781 praesentem
1245 2696 1553 2781 paginam
1614 2693 2007 2780 inspecturis
2067 2694 2136 2760 in
2195 2700 2608 2780 perpetuum.

391 2782 589 2847 Pium
636 2788 737 2847 est
780 2789 846 2851 et
889 2780 1239 2848 honestum
1286 2802 1365 2845 ac
1429 2788 1948 2845 consentaneum
2010 2781 2268 2860 rationi,
2332 2787 2403 2842 ut
2448 2800 2605 2863 quo-

234 2887 367 2930 rum
410 2866 785 2933 devotionis
848 2869 1239 2949 constantia,
1298 2862 1583 2955 fideique
1642 2868 1896 2951 puritas
1955 2874 2092 2930 tam
2150 2861 2606 2951 probabilibus

234 2955 651 3037 argumentis,
712 2974 908 3039 quam
969 2952 1142 3017 veris
1196 2953 1484 3038 experiri
1544 2960 1758 3037 potest
1814 2950 2101 3034 indiciis,
2169 2970 2390 3015 eorum
2453 2970 2604 3035 spe-

240 3039 380 3102 ciali
442 3040 912 3127 praerogativa
978 3038 1224 3103 favoris
1290 3047 1354 3103 et
1411 3038 1665 3123 gratiae
1725 3044 2075 3103 coronetur
2147 3034 2467 3117 fidelitas,
2531 3042 2607 3099 ut

236 3122 342 3189 ubi
382 3126 553 3191 fides
600 3134 701 3190 est
744 3146 863 3211 per
906 3125 1124 3209 operis
1163 3125 1582 3199 evidentiam,
1627 3124 1722 3188 ibi
1767 3122 2314 3188 remunerationis
2361 3119 2604 3206 dignis-

236 3211 425 3277 simae
470 3211 840 3299 praemium
888 3211 971 3275 sit
1036 3219 1358 3297 paratum,
1405 3211 1736 3293 ceterique
1779 3211 2070 3295 ipsorum
2139 3206 2443 3293 exemplo
2510 3204 2599 3271 ad

236 3293 603 3363 devotionis
649 3304 715 3361 et
758 3295 1093 3361 fidelitatis
1143 3296 1581 3361 constantiam
1626 3294 1857 3360 fortius
1900 3295 2284 3359 invitentur.

400 3382 575 3449 Cum
618 3384 820 3467 igitur
862 3381 1262 3447 venerabilis
1306 3384 1375 3446 in
1422 3380 1684 3446 Christo
1743 3390 1948 3469 pater,
2013 3379 2318 3444 dominus
2375 3378 2602 3442 Bruno

236 3470 579 3556 episcopus
646 3468 1143 3551 Olomucensis,
1220 3467 1306 3531 ad
1366 3467 1684 3533 honorem
1743 3476 1808 3533 et
1866 3466 2218 3531 utilitatem
2285 3464 2603 3529 ecclesiae

234 3577 383 3621 suae
428 3553 770 3619 indefessa
828 3553 1270 3619 sollicitudine
1314 3552 1665 3639 diligenter
1728 3553 2097 3634 intendens,
2157 3559 2397 3617 statum
2459 3552 2604 3636 ejus

238 3641 469 3727 quibus
516 3648 732 3727 potest
774 3641 1294 3725 promotionibus
1320 3642 1653 3724 erigend0,
1698 3638 2017 3704 militibus
2047 3648 2113 3703 et
2133 3636 2398 3704 famulis
2445 3636 2600 3712 suis,

236 3729 341 3812 qui
384 3737 521 3797 tam
566 3726 759 3793 nobis
804 3728 874 3790 in
921 3726 1307 3793 defensione
1366 3726 1689 3792 terrarum
1753 3734 2127 3790 nostrarum
2188 3732 2254 3791 et
2313 3723 2403 3788 ad
2445 3722 2600 3786 resi-

238 3813 536 3878 stendum
583 3814 869 3877 inimicis
930 3814 1189 3894 nostris,
1234 3834 1433 3899 quam
1492 3814 1693 3878 etiam.
1753 3812 1883 3899 ipsi
1945 3809 2209 3877 domino
2269 3809 2598 3895 episcope,

236 3898 416 3963 nobis
464 3922 731 3987 semper
773 3902 1077 3984 exposito
1135 3910 1201 3964 et
1290 3907 1491 3980 arato,
1558 3900 1695 3983 jam
1755 3895 1977 3962 multis
2038 3897 2382 3961 retroactis
2439 3902 2602 3958 tem·

237 3982 499 4067 poribus
547 4008 679 4052 non
741 3986 882 4050 sine
943 3986 1201 4071 magnis
1286 3983 1596 4050 aboribus
1663 3992 1728 4051 et
1784 4002 2212 4069 personarum
2271 3979 2602 4066 periculis,

239 4070 515 4137 fideliter
564 4073 933 4138 servierunt
987 4081 1057 4137 et
1116 4072 1409 4137 serviunt
1472 4071 1896 4151 incessanter,
1956 4068 2038 4133 de
2081 4067 2275 4132 bonis
2344 4076 2408 4132 et
2451 4087 2600 4153 pos-

242 4157 637 4224 sessionibus
682 4158 1170 4245 episcopalibus
1213 4158 1569 4242 unicuique
1618 4158 1816 4242 juxta
1874 4175 2142 4225 suorum
2202 4154 2600 4239 exigentiam

242 4241 691 4331 obsequiorum
710 4294 727 4329 ,
788 4245 1051 4311 nomine
1110 4244 1286 4311 feodi
1345 4242 1523 4311 bona
1582 4242 1843 4312 duxerit
1899 4239 2124 4327 aliqua
2181 4238 2597 4321 conferenda,
