3150 5017
1167 345 1640 414 ...203-

238 520 571 607 juratorum
617 519 686 584 in
732 519 865 586 XV
908 518 1117 602 solid„
1164 522 1376 606 gratia
1434 541 1567 586 non
1613 529 1944 609 sequente.
2033 522 2090 608 ξ.
2136 523 2199 588 4.
2245 521 2316 588 Si
2361 527 2584 588 autem

242 605 497 672 rebellus
538 605 653 672 ille
696 608 1045 694 evaginato
1089 606 1311 693 gladio
1357 607 1464 673 vel
1510 608 1781 674 vulnere
1873 629 2138 675 ercusso
2207 609 2389 674 visus
2449 608 2581 675 fue·

242 696 327 776 rit,
368 713 494 758 non
539 693 858 780 pecuniae
900 714 1132 781 poena,
1180 695 1295 761 sed
1340 696 1556 783 capite
1600 703 1833 761 trunca
1881 695 2031 761 itur.

316 883 353 950 b
386 798 486 950 32⁹2:
532 797 782 864 Omnes
824 797 1084 864 articuli
1128 799 1197 863 in
1243 819 1437 864 cruce
1480 797 1912 866 confirmandi
1970 799 2347 886 holunge
2414 797 2578 866 obti-

245 906 315 952 ne
356 905 440 950 un

387 989 486 1054 34.
532 989 590 1074 g.
621 990 677 1054 1.
725 988 856 1070 Qui
886 997 1289 1076 conquestus
1312 988 1512 1056 fuerit
1534 1011 1755 1055 coram
1783 991 2012 1076 judice
2058 1013 2187 1056 non
2233 988 2354 1056 sub
2395 991 2576 1076 justo

243 1076 476 1141 nomine
520 1077 984 1162 conquerentis
1043 1074 1149 1140 vel
1209 1075 1704 1164 respondentis:
1765 1077 2172 1166 respondens
2235 1082 2582 1164 propterea

240 1161 473 1227 liberari
518 1183 653 1226 non
698 1168 930 1248 potest,
977 1161 1336 1228 advocatus
1381 1184 1539 1229 vero
1587 1163 1729 1249 ejus
1773 1185 2027 1250 poenae
2075 1165 2310 1230 minori
2361 1160 2584 1265 subja·

243 1250 408 1331 cebit,
452 1249 707 1315 scilicet
748 1247 959 1315 XIIII
1004 1247 1439 1314 denariorum.
1487 1253 1545 1332 §.
1573 1254 1632 1316 2.
1658 1249 1725 1316 Si
1748 1260 1964 1317 autem
1998 1251 2432 1354 prolocutoris
2451 1269 2590 1315 slve

243 1335 515 1402 advocati
575 1334 855 1401 verbum
913 1337 1231 1422 processit
1289 1358 1373 1402 ex
1434 1357 1546 1401 ore
1608 1345 2104 1425 conquerentis,
2170 1357 2582 1424 conquerens

242 1422 585 1508 praedictae
629 1443 883 1510 poenae
928 1420 1315 1509 subjacebit,
1362 1421 1544 1488 salvo
1589 1431 1813 1490 tamen
1849 1423 2000 1510 jure
2045 1445 2185 1491 suo.

386 1527 486 1593 35.
549 1525 689 1592 Sub
749 1547 1161 1614 quocumque
1221 1528 1486 1592 nomine
1546 1527 1952 1613 respondens
2011 1528 2408 1616 respondere
2467 1548 2584 1592 vo-

242 1613 429 1696 luerit,
475 1612 599 1678 sub
625 1610 856 1678 eodem
902 1615 1167 1679 nomine
1216 1635 1414 1679 causa
1457 1613 1740 1681 finiatur.

389 1701 489 1770 36.
536 1699 607 1766 Si
654 1701 801 1786 quis
847 1699 934 1764 ali
984 1721 1131 1765 uem
1179 1722 1299 1788 pro
1346 1699 1585 1766 debitis
1608 1701 1832 1788 parvis
1877 1710 1990 1766 aut
2014 1703 2271 1788 magnis
2316 1703 2383 1764 in
2479 1721 2586 1766 ue·

242 1787 556 1852 rimoniam
601 1807 819 1851 coram
860 1787 939 1870 ju
986 1789 1086 1852 ice
1131 1787 1433 1871 traxerit,
1492 1796 1557 1853 et
1616 1787 2022 1872 respondens
2068 1787 2405 1856 confessus
2525 1808 2588 1852 e·

238 1877 325 1955 rit,
366 1874 644 1960 spatium
690 1873 899 1938 XIIII
944 1872 1198 1940 dierum
1244 1874 1329 1940 ad
1374 1873 1764 1940 solvendum
1797 1874 2025 1939 eadem
2073 1874 2295 1942 debita
2339 1873 2588 1940 obtine·

238 1961 353 2044 bit3
396 1961 445 2026 si
490 1969 651 2026 tunc
692 1982 826 2024 non
873 1960 1159 2041 solverit,
1204 1968 1335 2028 tres
1395 1959 1537 2025 dies
1575 1959 1930 2043 obtinebit3
1977 1962 2034 2026 si
2079 1968 2237 2026 tunc
2282 1983 2416 2026 non
2461 1958 2586 2026 sol-

238 2049 402 2132 verit,
446 2047 622 2112 omni
670 2056 921 2113 semota
964 2049 1305 2114 occasione
1352 2056 1584 2135 quarto
1629 2047 1736 2113 die
1791 2047 2018 2136 judice
2085 2055 2430 2136 praesente
2475 2045 2582 2111 de-

238 2134 359 2286 }›ita
398 2133 728 2223 persolvet
771 2134 1077 2201 creditori
1140 2144 1203 2200 et
1239 2133 1450 2221 judici
1511 2155 1810 2224 poenam,
1868 2133 2179 2200 videlicet
2239 2133 2593 2200 dimidium

266 2223 511 2287 ertonis.

395 2310 493 2375 37.
542 2313 604 2392 ἓ.
656 2311 709 2373 1.
753 2308 1167 2395 Quicumque
1190 2316 1406 2395 spreto
1412 2308 1641 2394 judice
1686 2319 1909 2374 nostro
1935 2317 2000 2374 et
2025 2308 2275 2392 judicio
2307 2307 2594 2372 civitatis

242 2403 477 2462 nostrae
523 2416 741 2460 coram
804 2395 995 2461 nobis
1068 2394 1451 2482 querulatus
1509 2395 1724 2472 fuerit,
1788 2394 1982 2461 nobis
2027 2403 2094 2461 et
2129 2394 2343 2482 judici
2390 2401 2456 2459 et
2489 2394 2594 2480 ju·

240 2483 378 2549 ratis
416 2484 486 2548 in
546 2483 607 2550 X
664 2482 931 2548 talentis
991 2481 1428 2569 respondebit.
1490 2483 1544 2568 §.
1608 2483 1668 2548 2.
1734 2482 1824 2548 Et
1880 2484 1936 2548 si
1989 2482 2204 2569 judex
2267 2490 2335 2548 et
2388 2480 2594 2566 jurati

240 2572 423 2636 nostri
466 2568 666 2634 alicui
704 2569 1029 2654 justitiam
1076 2570 1484 2655 negaverint,
1532 2572 1627 2634 ita
1672 2572 1846 2657 quod
1883 2569 2168 2635 eundem
2214 2590 2430 2635 coram
2477 2588 2596 2632 no-

240 2656 330 2720 bis
390 2664 645 2742 oportet
701 2656 1046 2743 querelari,
1109 2656 1281 2722 idem
1336 2656 1545 2744 judex
1623 2678 1771 2721 cum
1824 2657 2064 2742 juratis
2109 2655 2320 2722 nobis
2385 2657 2454 2719 in
2525 2653 2594 2722 X

242 2741 489 2808 talentis
534 2742 1047 2829 respondebunt.

396 2829 497 2896 38.
545 2829 959 2917 Quicumque
1019 2828 1123 2895 vel
1184 2839 1449 2917 propter
1526 2829 2018 2896 multitudinem
2097 2830 2424 2917 hospitum
2487 2835 2601 2893 aut

243 2915 777 3004 qualitercumque
814 2937 1189 2982 mensuram
1236 2915 1462 3004 pabuli
1508 2915 1618 2982 vel
1660 2917 1797 2982 vini
1845 2917 1953 2981 vel
1977 2917 2452 3002 cujuscumque
2497 2915 2594 2980 rei

243 3003 573 3070 vendibilis
616 3003 975 3089 infregerit,
1038 3004 1377 3069 convictus
1427 3003 1643 3090 judici
1701 3005 1774 3067 in
1837 3005 1904 3069 X
1944 3003 2213 3069 talentis
2270 3008 2593 3068 teneatur.

398 3091 498 3158 39.
548 3094 607 3173 §-
657 3092 714 3156 1.
759 3089 831 3156 Si
856 3089 1095 3178 aliquis
1117 3091 1424 3174 praeconi
1469 3099 1929 3179 praesentetur
1987 3089 2210 3178 ibique
2256 3095 2596 3176 pernocta-

244 3178 403 3254 verit,
452 3175 636 3242 dabit
658 3179 972 3264 praeconi
993 3177 1195 3244 XIIII
1219 3176 1541 3254 denarios,
1589 3185 1653 3242 et
1699 3175 1780 3243 de
1824 3175 2022 3243 rebus
2067 3177 2202 3242 suis
2249 3174 2412 3240 nihil
2459 3195 2594 3238 am-

244 3261 413 3416 ῗῖἰῖιιῗί
438 3263 741 3366 accipiet.
788 3269 849 3348 ξ.
896 3265 957 3330 2.
1005 3263 1073 3330 Si
1121 3272 1338 3330 autem
1387 3286 1521 3331 non
1561 3265 2064 3350 pernoctaverit,
2111 3263 2294 3329 dabit
2337 3271 2593 3328 tantum

415 3371 696 3418 enanos.

398 3455 499 3520 40.
548 3459 609 3538 ἓ.
661 3455 716 3519 1.
763 3453 891 3518 Pro
934 3454 1241 3520 incendio
1287 3456 1341 3520 si
1392 3457 1539 3543 quis
1583 3463 1820 3542 captus
1866 3453 2082 3537 fuerit,
2140 3455 2294 3540 igne
2339 3450 2596 3538 peribit.

244 3540 291 3624 ξ.
330 3541 387 3606 2.
432 3539 501 3608 Si
547 3562 705 3607 vero
750 3540 1130 3608 incendium
1177 3541 1407 3609 fecerit
1450 3550 1517 3608 et
1574 3543 1920 3609 recesserit
1983 3550 2049 3607 et
2136 3549 2318 3607 ostea
2363 3540 2594 3605 deten-

242 3634 333 3690 tus
362 3626 569 3709 fuerit,
616 3637 681 3694 et
725 3629 781 3692 si
824 3628 1035 3694 minas
1080 3628 1371 3696 incendii
1414 3637 1610 3695 antea
1654 3628 1842 3697 fecit:
1889 3649 2040 3694 cum
2147 3627 2216 3692 H
2259 3626 2419 3692 viris
2442 3644 2596 3690 con·

244 3713 539 3780 vincetur.
631 3720 690 3799 ξ.
736 3715 796 3782 3.
864 3715 935 3782 Si
995 3724 1213 3782 autem
1272 3717 1342 3780 in
1394 3715 1650 3802 judicio
1698 3715 2152 3804 comparuerit,
2215 3721 2350 3780 met
2394 3734 2463 3778 se
2509 3711 2593 3777 ti·

246 3820 374 3865 mus
414 3800 907 3888 expurgabitur.
996 3808 1057 3886 ξ.
1099 3805 1159 3869 4.
1206 3802 1277 3869 Si
1322 3803 1391 3868 in
1435 3801 1596 3888 fuga
1641 3801 1944 3870 detentus
1987 3802 2202 3884 fuerit,
2264 3820 2414 3865 cum
2521 3797 2593 3865 Π

248 3887 391 3952 viris
434 3889 879 3954 convincetur.

404 3993 506 4058 41.
554 3995 611 4076 ξ.
662 3994 716 4056 1.
763 3991 833 4058 Si
854 3994 1001 4080 quis
1022 3993 1591 4059 infraiucendium
1614 3993 1862 4060 furtum
1907 3991 2321 4074 commiserit,
2368 3989 2598 4057 valens

250 4075 355 4143 LX
376 4077 611 4154 denar„
658 4077 1097 4164 suspendatur
1138 4084 1200 4163 ξ.
1226 4080 1287 4146 2.
1335 4081 1425 4146 Et
1468 4082 1524 4146 si
1616 4082 1718 4146 uis
1757 4079 1932 4146 facto
1972 4078 2277 4146 incendio
2309 4077 2591 4165 aliquem

250 4164 682 4238 vulneraverit,
731 4167 943 4231 victus
986 4168 1195 4232 tribus
1240 4165 1515 4233 testibus
1609 4165 2012 4234 ecollabitur.
2104 4170 2166 4250 ἓ.
2213 4167 2274 4232 3.
2332 4165 2402 4231 Si
2437 4165 2595 4252 -quis

251 4271 387 4316 vero
448 4258 794 4339 evaginato
862 4253 1081 4336 gladio
1148 4253 1320 4321 infra
1386 4254 1764 4322 incendium
1853 4254 2202 4319 vulnerare
2279 4251 2596 4332 voluerit,

257 4337 444 4404 victus
486 4338 743 4406 duobus
788 4340 1063 4408 testibus
1113 4361 1311 4408 manu
1355 4341 1623 4410 carebit.
1967 4339 1972 4346 ’
