3150 5017
1445 309 1923 388 -303-

492 483 814 550 carbones
857 482 1178 550 inutiliter
1222 491 1713 568 consumantur,
1756 483 2237 554 considerando
2282 484 2655 570 diligenter,
2723 488 2887 570 quot

497 592 729 637 currus
775 571 1134 639 carbonum
1183 591 1254 637 se
1301 571 1568 636 timanis
1615 571 1893 658 singulis
1937 572 2007 636 in
2052 569 2307 640 fabrica
2324 571 2769 660 deponantur3
2816 577 2885 634 et

498 656 674 745 quod
719 655 910 740 fabri,
957 659 1068 745 qui
1116 657 1201 723 ad
1275 657 1703 723 abricandum
1753 662 2120 741 mittuntur,
2166 649 2253 724 ad
2294 660 2420 725 hoc
2464 660 2597 724 sint
2626 655 2884 723 habiles
2988 715 2995 722 .

493 753 562 812 et
615 746 892 830 experti,
938 743 1289 832 nullusque
1327 743 1667 810 fabrorum
1710 765 1828 830 per
1872 747 2040 811 duas
2085 745 2539 813 schicht'as
2583 743 2888 810 laborare

497 833 808 896 continue
851 833 1288 918 permittatur.
1333 833 1389 918 §.
1429 831 1533 897 12.
1577 832 1918 899 Tenentur
1963 833 2236 920 insuper
2278 832 2607 919 custodes,
2652 851 2886 896 omnes

439 973 446 978 .
496 917 938 1004 negligentias
1014 917 1350 984 fabrorum
1411 921 1548 984 suis
1610 919 2060 1006 superioribus
2116 941 2447 1001 accusare,
2506 926 2581 984 ut
2623 924 2885 983 tantum

498 1005 594 1070 eis
637 1005 834 1094 pretii
881 1004 1264 1084 deificetur,
1309 1014 1625 1092 quantum
1672 1006 1880 1074 debiti
1923 1007 2237 1096 temporis
2280 1007 2739 1094 neglexerunt.

1480 1443 1657 1526 Gap.
1716 1441 1905 1508 xlv.

1497 1561 1599 1626 De
1642 1559 1895 1628 oolonis.

672 1787 728 1873 ἓ.
779 1792 835 1856 1.
897 1785 1068 1854 Sunt
1125 1785 1342 1853 coloni
1401 1787 1820 1873 principales,
1884 1789 2260 1856 secundarii
2316 1797 2382 1855 et
2440 1789 2618 1854 tertii
2680 1796 2747 1854 et
2794 1787 2893 1854 sic

503 1871 737 1940 deince
786 1895 838 1938 s.
925 1874 982 1960 ς.
1027 1874 1088 1943 2.
1131 1873 1542 1960 Principales
1587 1895 1745 1942 vero
1790 1874 2084 1944 colentes
2130 1881 2287 1942 sunt
2329 1884 2603 1952 montes,
2662 1873 2895 1942 laneos

501 1970 568 2031 ct
612 1960 738 2026 stol
769 1981 950 2041 ones,
996 1981 1162 2048 quos
1205 1961 1293 2027 ab
1338 1961 1708 2028 urburariis
1754 1970 2205 2052 susceperunt.
2282 1965 2339 2049 §-
2384 1963 2447 2030 3.
2494 1961 2625 2044 Qui
2670 1969 2895 2027 autem

502 2046 588 2113 ab
632 2049 776 2114 istis
821 2046 1110 2133 aliquem
1177 2047 1444 2114 laneum
1510 2048 1620 2116 vel
1680 2051 2175 2116 concessionem
2221 2050 2609 2151 suscipiunt,
2654 2070 2892 2114 secun·

505 2135 675 2202 darii
715 2131 954 2202 coloni
1013 2143 1356 2205 vocantur.
1447 2140 1507 2219 ξ.
1551 2140 1613 2202 4.
1672 2136 1877 2204 Tertii
1936 2145 2157 2202 autem
2203 2135 2421 2202 coloni
2466 2147 2638 2218 sunt,
2686 2135 2806 2222 qui
2846 2157 2893 2200 a

500 2221 917 2288 secundariis
978 2220 1227 2287 colonis
1284 2221 1514 2288 laneos
1574 2222 1683 2290 vel
1744 2223 2205 2290 concessiones
2252 2224 2637 2308 suscipiunt,
2686 2234 2755 2288 et
2798 2222 2897 2287 sic

443 2390 446 2393 Ι
504 2308 834 2395 deinceps.
925 2308 983 2392 §-
1027 2309 1089 2374 5.
1161 2307 1400 2374 Coloni
1459 2319 1679 2376 autem
1740 2332 1781 2375 a
1840 2309 2118 2376 colendo
2182 2309 2512 2390 dicuntur,
2572 2331 2651 2375 eo
2713 2307 2897 2396 quod

385 2431 392 2437 ·
505 2404 762 2462 montes
809 2393 1054 2478 colunt,
1116 2394 1198 2462 de
1273 2417 1553 2484 quorum
1591 2398 1748 2485 jure
1790 2397 1963 2464 infra
2010 2395 2093 2463 de
2139 2397 2678 2464 concessionibus
2722 2406 2899 2460 trac·—

507 2490 682 2548 tatus
729 2482 969 2549 clarior
1012 2481 1376 2570 apparebit.

1512 2660 1686 2742 Gap.
1746 2659 1898 2726 XV.

1253 2834 1271 2846 .
1367 2780 1469 2844 De
1504 2779 2042 2866 procuratoribus.

657 2922 746 3001 ς.
797 2919 858 2983 1.
920 2917 1384 2985 Procuratores
1446 2926 1622 2998 sunt,
1730 2919 1797 2982 ui
1843 2919 2109 3004 negotia
2154 2915 2375 2982 aliena
2418 2914 2731 2983 mandato
2794 2916 2908 2982 do-

509 3007 840 3070 minorum
901 3004 1388 3071 administrant.
1479 3009 1541 3088 §.
1584 3005 1649 3084 2.
1772 3011 1797 3068 t
1856 3013 2013 3074 sunt
2074 3010 2531 3090 procuratores
2592 3005 2905 3090 partium,

509 3101 577 3160 et
636 3101 1095 3178 procuratores
1156 3091 1599 3157 solummodo'
1638 3113 2101 3178 expensarum.
2194 3095 2253 3174 ξ.
2298 3092 2360 3156 3.
2432 3091 2909 3156 Procuratores

508 3181 1014 3267 partiumsunt,
1075 3178 1392 3246 habentes
1456 3179 1724 3263 plenum
1789 3179 2170 3244 mandatum
2220 3178 2442 3242 omnia
2484 3177 2776 3242 faciendi
2822 3175 2907 3242 de

509 3265 831 3354 partibus,
878 3281 1047 3352 quae
1093 3267 1234 3337 veri
1297 3265 1544 3330 domini
1605 3265 1823 3331 facere
1868 3267 2140 3352 possi-nt,
2186 3266 2243 3329 si
2286 3265 2356 3330 in
2398 3266 2703 3416 personis
2795 3285 2905 3328 ro-

443 3406 448 3412 .
509 3355 672 3456 priis
731 3363 952 3418 essent
994 3361 1410 3440 praesentes;
1472 3362 1538 3417 et
1596 3350 1763 3418 tales
1822 3361 2278 3438 procuratores
2322 3373 2398 3416 or
2442 3351 2613 3417 inari
2656 3349 2741 3416 de
2792 3359 2909 3416 ent

353 3439 358 3446 ’
429 3441 434 3460 ²
508 3464 577 3506 1n
626 3441 994 3526 praesentia
1039 3440 1334 3528 magistri
1380 3444 1619 3505 montis
1662 3448 1729 3504 et
1773 3439 1858 3504 ad
1905 3441 2121 3505 minus
2168 3438 2446 3514 duorum
2510 3438 2905 3506 concolono-

509 3551 678 3594 rum.
767 3531 828 3610 ξ.
873 3527 934 3590 4.
1003 3526 1136 3592 Sed
1196 3536 1350 3590 sunt
1410 3535 1869 3613 procuratores
1922 3525 2374 3591 tantummodo
2433 3546 2905 3612 expensarum,

558 3617 623 3679 ui
669 3613 1030 3699 vulgarit-er
1073 3611 1498 3680 besteller
1541 3613 1883 3698 dicuntur3
1944 3613 2055 3678 isti
2097 3631 2255 3678 vero
2280 3621 2737 3698 procuratores
2782 3631 2905 3698 pro

511 3637 798 3780 dominis
843 3702 979 3766 suis
1023 3723 1157 3767 non
1203 3699 1522 3766 solvendo
1570 3721 2033 3801 expensarum,
2080 3720 2213 3764 non
2260 3709 2537 3786 possunt
2594 3699 2689 3762 eis
2750 3720 2901 3783 per—

517 3788 674 3854 dere
719 3808 872 3852 suas
917 3796 1158 3873 partes,
1219 3789 1347 3852 nisi
1391 3786 1503 3868 hii,
1571 3785 1817 3874 qulbus
1859 3786 2135 3853 debetur
2178 3806 2494 3871 expensa,
2538 3786 2750 3872 ipsam
2796 3805 2897 3850 re-

509 3875 778 3962 quirant
801 3874 1273 3960 inpraesentia
1317 3876 1610 3961 magistri
1660 3875 1901 3940 montis
1944 3873 2053 3940 vel
2099 3873 2565 3958 per'nuntium
2618 3871 2787 3955 ejus,
2834 3881 2902 3936 et

511 3982 716 4026 unum
783 3960 1235 4039 concolonum,
1303 3962 1388 4028 ad
1445 3963 1572 4029 hoc
1616 3983 1736 4048 per
1776 3963 1991 4049 ipsum
2038 3961 2425 4046 magistrum
2468 3959 2709 4024 montis
2755 3979 2897 4045 spe-

513 4047 766 4118 cialiter
811 4047 1179 4137 deputatos.
