3150 5017
548 326 683 379 nm.
726 326 830 379 m.
1509 344 1596 361 ⁶—-
1680 310 1809 378 366
1896 346 1985 361 -

559 484 948 569 subsecuto,
1017 486 1074 551 is
1149 484 1262 572 qui
1328 492 1593 551 recusat
1654 483 2015 572 adimplere
2090 489 2499 549 contractum
2518 528 2533 559 ,
2612 482 2921 571 siquidem

557 581 832 661 emptor,
893 570 959 637 id
1008 572 1264 659 perdat,
1337 571 1512 659 quod
1560 571 1780 654 dedit3
1844 573 1899 636 si
1942 592 2101 637 vero
2146 568 2471 653 venditor,
2518 570 2791 658 duplum
2830 590 2919 635 re·

555 662 826 725 stituere
893 658 1331 745 compellitur,
1403 658 1558 723 licet
1627 658 1792 722 nihil
1862 679 2059 745 super
2136 656 2345 722 arrhis
2393 678 2778 745 expressum
2824 658 2919 723 sit.

563 750 620 829 ξ.
670 747 728 809 7.
777 741 911 811 Sed
957 748 1080 811 iste
1126 747 1362 811 modus
1407 745 1670 811 emendi
1715 766 1793 809 ac
1836 744 2195 811 vendendi·
2230 746 2581 831 praecipue
2626 746 2695 809 in
2740 745 2917 811 novis

539 832 1052 899 ‘inventionibus
1086 834 1493 919 frequentius
1538 831 1754 897 locum
1802 830 2033 916 habet3
2080 830 2234 917 quia
2278 839 2627 919 postquam
2675 840 2917 897 contra-

552 920 784 985 hentes
847 928 1170 1001 emerunt,
1237 918 1432 985 simul
1489 927 1556 984 et
1616 918 1699 984 de
1758 920 1969 1005 pretio
2016 928 2489 1001 convenerunt,
2538 918 2756 985 soluta
2790 918 2919 1005 jam

553 1006 776 1091 aliqua
798 1015 984 1093 parte
1007 1007 1199 1093 pretii
1229 1005 1617 1093 principalis
1662 1014 1777 1070 aut
1820 1007 2086 1071 nomine
2134 1002 2472 1069 arrharum
2520 1005 2708 1074 data:
2752 1012 2905 1070 tunc

555 1098 813 1179 emptor
881 1094 1393 1177 argentifodium
1453 1092 1623 1157 illud
1682 1093 1883 1159 intret
1944 1100 2059 1157 aut
2118 1090 2321 1157 alium
2382 1092 2601 1157 mittat
2660 1112 2781 1157 suo
2818 1112 2923 1157 no-

551 1178 731 1245 mine
775 1178 860 1244 ad
905 1180 1288 1262 videndum,
1337 1200 1422 1245 an
1471 1180 1598 1243 sibi
1644 1200 1781 1244 rem
1830 1180 1926 1244 sic
1972 1188 2265 1265 emptam
2292 1174 2605 1265 expediat
2630 1175 2926 1263 retinere,

553 1284 641 1331 an
685 1264 995 1331 recedere
1041 1288 1080 1330 a
1125 1275 1469 1333 contractu
1515 1275 1581 1331 et
1614 1264 1910 1352 perdere,
1966 1266 2143 1352 quod
2178 1265 2321 1351 jam
2348 1264 2579 1349 solvit3
2626 1266 2753 1331 nisi
2776 1275 2929 1331 tunc

555 1352 738 1417 aliud
797 1354 968 1418 inter
1013 1376 1082 1419 se
1129 1355 1480 1419 statuerint
1536 1351 2018 1418 contrahentes·
2108 1356 2171 1435 ἓ.
2218 1352 2280 1417 8.
2344 1350 2521 1418 Sane
2580 1352 2637 1416 si
2682 1362 2932 1439 emptor

553 1438 720 1505 nolit
763 1440 1072 1505 recedere
1119 1442 1201 1505 ab
1250 1440 1578 1527 emptione
1648 1447 1714 1505 et
1772 1438 2003 1504 eodem
2066 1439 2173 1505 die
2198 1516 2205 1523 ⁴
2230 1436 2515 1527 pretium
2576 1438 2931 1525 complecte

553 1544 686 1591 non
721 1524 1022 1591 solverit:
1069 1528 1301 1613 perdet
1333 1536 1551 1613 partes
1577 1535 1830 1612 emptae
1871 1546 2018 1591 cum
2052 1534 2242 1613 parte
2286 1524 2477 1613 pretii
2512 1526 2654 1611 jam
2702 1524 2931 1609 soluti3

556 1614 684 1677 nisi
732 1611 1190 1679 contrahentes
1235 1624 1396 1679 tunc
1439 1615 1615 1678 inter
1656 1632 1724 1678 se
1770 1612 1954 1679 aliud
2000 1614 2245 1677 fuerint
2306 1613 2664 1698 protestati.
2766 1618 2825 1695 ἓ.
2870 1613 2931 1678 9.

555 1700 637 1764 In
684 1697 810 1764 hoe
854 1720 1014 1765 vero
1061 1720 1218 1764 casu
1265 1698 1534 1785 quidam
1604 1700 1853 1765 versuti
1901 1709 2018 1785 p'er
2062 1707 2267 1765 totam
2313 1698 2492 1763 illam
2540 1700 2715 1765 diem
2778 1720 2932 1765 con-

562 1794 921 1851 sueverunt
967 1786 1424 1852 fraudulenter
1469 1788 1570 1851 sui
1616 1786 1877 1873 copiam
1924 1784 2272 1871 denegare,
2319 1795 2645 1873 quatenus
2691 1786 2801 1851 die
2844 1787 2933 1851 sic

561 1872 789 1956 elapso
833 1882 1056 1959 partes
1103 1883 1362 1960 emptae
1424 1874 1586 1960 ipsis
1648 1894 1797 1939 cum
1843 1873 2179 1959 persoluta
2216 1875 2356 1959 jam
2406 1874 2687 1960 pecunia
2730 1892 2933 1939 rema-

557 1968 809 2025 nerent.
904 1950 1101 2025 Unde
1149 1962 1205 2025 si
1251 1969 1506 2047 emptor
1553 1962 1808 2049 copiam
1876 1959 2241 2027 venditoris
2300 1968 2419 2025 aut
2476 1960 2579 2025 sui
2624 1980 2932 2045 procura·

557 2047 718 2111 toris
766 2045 1008 2113 habere
1055 2068 1188 2112 non
1235 2048 1493 2135 poterit,
1556 2070 1635 2113 eo
1703 2047 1811 2113 die
1874 2046 1999 2112 boc
2042 2045 2306 2133 publice
2352 2045 2779 2133 protestando
2826 2068 2933 2133 pe-

559 2134 825 2199 cuniam
872 2133 1255 2221 solvendam
1320 2134 1534 2201 eidem
1598 2133 1719 2199 sub
1782 2133 1959 2199 bono
2002 2134 2376 2199 testimonio
2424 2132 2603 2219 apud
2648 2132 2935 2219 aliquem

553 2222 850 2305 juratum
898 2229 1014 2286 aut
1058 2220 1260 2286 alium
1306 2221 1618 2287 idoneum
1665 2221 1875 2287 virum
1926 2220 2230 2307 deponat,
2275 2218 2625 2302 venditori,
2672 2219 2934 2305 quando

563 2305 866 2389 voluerit,
913 2306 1501 2393 praesentandum;
1566 2308 1694 2373 hoc
1760 2308 1937 2373 enim
1997 2306 2192 2373 modo
2250 2308 2367 2393 jus
2426 2326 2617 2371 suum
2676 2304 2929 2372 salvum

564 2391 688 2458 sibi
747 2403 811 2458 et
870 2394 1179 2461 omnibus
1225 2393 1628 2478 remanebit3
1688 2393 1805 2459 sed
1863 2394 1933 2458 in
1993 2392 2096 2458 bis
2154 2412 2311 2459 vero
2380 2390 2830 2479 emptionibus
2874 2400 2933 2458 et

571 2478 1063 2547 venditionibus
1107 2489 1302 2569 pacta
1349 2480 1559 2566 legem
1608 2503 1693 2546 ex
1737 2478 2177 2547 conventione
2224 2480 2505 2567 partium
2552 2480 2931 2547 sortiuntur.

728 2897 787 2976 ἓ.
839 2894 937 2961 10.
1005 2893 1196 2961 Cauti
1245 2902 1466 2959 tamen
1513 2895 1648 2959 sint
1693 2894 1761 2959 in
1808 2894 1934 2959 hac
1977 2904 2163 2982 parte
2210 2902 2559 2983 emptores,
2607 2904 2929 2983 quatenus

558 2988 782 3066 partes
830 2989 1100 3066 emptas,
1148 2982 1498 3067 praecipue
1543 2983 1613 3045 in
1660 2982 1851 3047 novis
1898 2979 2419 3064 inventionibus,
2464 2980 2579 3047 ubi
2640 3004 2797 3048 nom
2838 2992 2931 3049 est

556 3068 870 3153 magister
915 3068 1177 3150 montis,
1225 3069 1715 3147 statimmoram
1762 3066 2015 3136 colonis
2061 3068 2311 3135 faciant
2354 3068 2479 3135 sibi
2542 3090 2583 3135 a
2641 3069 2929 3135 vendito-

555 3154 738 3219 ribus
803 3154 1161 3238 resignari3
1238 3176 1392 3219 nam
1457 3154 1725 3243 quidam
1787 3154 1959 3221 male
2026 3162 2553 3239 consueverunt,
2612 3156 2685 3221 in
2746 3158 2926 3222 novis

553 3241 1056 3305 inventionibus
1102 3239 1327 3326 plures
1375 3249 1600 3326 partes
1644 3241 1948 3323 vendere,
2010 3260 2206 3327 quam
2267 3243 2447 3328 ipsos
2491 3240 2740 3309 ibidem
2786 3264 2927 3308 con·

557 3334 685 3393 stet
705 3326 968 3393 habere.
1019 3330 1081 3409 §-
1115 3328 1214 3391 11.
1262 3327 1371 3391 Ex
1412 3336 1572 3391 tune
1610 3325 1765 3393 licet
1809 3327 2080 3393 ultimus
2126 3337 2381 3415 emptor
2411 3330 2514 3410 sit,
2562 3331 2670 3395 eui
2716 3338 2927 3417 partes

553 3421 814 3499 emptae
860 3413 1234 3499 resignatae
1282 3413 1548 3495 fuerint,
1598 3415 1971 3501 praefertur
2002 3422 2222 3480 tamen
2256 3416 2563 3481 omnibus
2606 3416 2924 3501 prioribus

557 3522 660 3565 em
711 3498 986 3580 toribus,
1080 3500 1274 3564 uibus
1302 3507 1524 3586 partes
1548 3510 1805 3587 emptae
1826 3522 1959 3566 non
1987 3501 2253 3567 fuerunt
2298 3504 2691 3589 resignatae.
2750 3501 2922 3585 §.li

561 3586 654 3652 Et
721 3608 838 3651 aec
867 3594 1058 3651 caute
1089 3606 1128 3651 a
1173 3595 1273 3651 est
1319 3587 1388 3651 in
1435 3587 1744 3652 omnibus
1770 3586 2213 3675 emptionibus
2237 3590 2521 3675 partium
2542 3588 2927 3665 adhibenda,

604 3674 716 3737 uia
761 3694 885 3739 nec
931 3680 1190 3757 emptor
1236 3694 1363 3738 nec
1409 3672 1789 3739 donatarius
1840 3675 1909 3739 in
1954 3674 2257 3761 partibus
2284 3677 2519 3763 emptis
2542 3685 2657 3741 aut
2680 3675 2925 3741 donatis

553 3758 721 3823 ilud
736 3760 850 3843 jus
873 3768 1386 3845 consequuntur,
1433 3761 1561 3825 nisi
1606 3758 1767 3845 ipsis
1814 3782 2034 3827 coram
2080 3763 2393 3847 magistro
2440 3763 2683 3829 montis
2720 3781 2923 3827 aven·

557 3844 882 3911 ditoribus
925 3853 1041 3911 aut
1087 3845 1520 3911 donatoribus
1557 3849 2011 3933 resignentur;
2060 3852 2359 3937 quamvis
2405 3848 2587 3936 ipsos
2632 3850 2715 3915 ad
2737 3867 2921 3915 omne

553 3932 896 4012 interesse,
945 3932 1122 4019 quod
1167 3934 1264 3999 eis
1309 3942 1527 4021 partes
1577 3955 1712 3999 non
1740 3934 1987 4001 fuerint
2008 3936 2405 4022 resignatae,
2450 3956 2671 4001 coram
2707 3934 2923 4024 judice

556 4026 868 4105 poterunt
911 4020 1297 4085 convenire.
1366 4024 1427 4105 ἓ.
1480 4022 1581 4087 13.
1630 4021 1701 4087 Si
1747 4023 1895 4109 quis
1942 4042 2101 4089 vero
2149 4022 2525 4089 donationis
2570 4044 2771 4089 causa
2809 4040 2923 4108 pro

551 4105 804 4171 minore
846 4104 1096 4171 vendat
1131 4116 1370 4192 partes,
1417 4128 1613 4195 quam
1638 4108 1937 4177 valeant:
1990 4109 2283 4177 venditio
2306 4110 2475 4177 bene
2500 4108 2699 4176 valet.
2744 4111 2797 4196 ξ.
2823 4110 2917 4175 14.

555 4192 878 4273 Quotiens
924 4193 1100 4259 enim
1147 4196 1458 4261 universa
1492 4195 1787 4261 venditio
1835 4197 2209 4264 donationis
2252 4218 2457 4263 causa
2498 4196 2677 4263 facta
2718 4206 2815 4265 est
2858 4197 2919 4259 in

549 4286 796 4346 totum:
867 4278 1150 4345 dicimus
1217 4302 1351 4347 non
1417 4282 1677 4367 valere3
1750 4284 2014 4367 totiens,
2049 4286 2355 4371 quotiens
2420 4291 2643 4349 autem
2715 4282 2919 4351 viliori
