3150 5017
1028 268 1634 387 0—137*

224 498 310 561 rei
376 492 649 561 mobilia
714 500 781 558 et
842 491 1212 558 immobilia
1274 496 1345 559 in

224 582 395 647 ducis
456 587 797 646 transeant
854 580 1344 665 proprietatem.

384 758 481 821 11.
534 752 711 820 Item
796 750 855 815 ai
940 749 1345 816 christianus

225 838 532 905 Judaeum
582 836 914 909 ceciderit,
958 838 1057 901 ita
1099 845 1344 919 tamen,

223 925 381 1011 quod
422 924 813 1009 sanguinem
879 923 1027 1007 ejus
1072 944 1203 988 non
1248 921 1343 987 ef·

226 1012 483 1077 fuderit:
528 1009 747 1075 solvet
788 1008 943 1073 duci
987 1008 1129 1073 1111
1172 1030 1345 1075 mar-

228 1120 323 1163 eas
390 1098 559 1177 auri,
627 1115 941 1184 percusso
986 1094 1128 1160 IIII
1168 1116 1343 1161 mar-

228 1207 323 1247 eas
366 1182 623 1267 argenti
666 1181 893 1263 (Belaz
963 1179 1173 1247 solvet
1230 1204 1343 1246 no-

227 1270 313 1334 bis
366 1268 701 1355 judicium
762 1267 1123 1332 secundum
1185 1289 1342 1332 con-

226 1355 619 1421 suetudinem
663 1352 923 1439 regni);
966 1354 1024 1417 si
1068 1354 1341 1440 pecuni-

226 1465 313 1505 am
370 1440 619 1505 habere
668 1461 802 1505 non
860 1440 1165 1525 potuerit,
1224 1461 1345 1525 per

230 1528 775 1593 detruncationem
820 1546 1057 1590 manus
1088 1526 1345 1591 satisfa-

227 1616 337 1679 ciat
390 1635 509 1700 pro
579 1612 929 1677 commisso
994 1612 1219 1693 (Belaz
1287 1612 1342 1677 ai

224 1699 549 1785 pecuniam
618 1695 865 1765 habere
925 1718 1059 1763 non
1118 1707 1343 1785 potue·

223 1788 309 1867 rit,
370 1785 503 1852 alia
584 1805 805 1870 poena
822 1832 839 1865 ‚
914 1804 1083 1870 quae
1150 1782 1343 1851 nobis

224 1871 553 1947 videbitur,
600 1871 961 1956 puniatur).

379 1962 475 2023 12.
518 1957 715 2039 Item,
760 1954 1199 2042 ubicumquae
1220 1955 1341 2021 Ju-

226 2044 405 2108 daeua
422 2043 789 2109 dominium
809 2053 1105 2107 nostrum
1134 2054 1343 2109 trana-

226 2132 369 2210 ierit‚
432 2126 661 2194 nullus
703 2129 767 2194 ei
811 2126 1079 2213 aliquod
1139 2131 1337 2215 impe·

227 2216 564 2281 dimentum
664 2214 1085 2301 praeparabit
1104 2264 1122 2298 ‚
1218 2236 1343 2280 nec

228 2302 577 2367 molestiam
622 2300 881 2383 inferat,
942 2322 1065 2367 neo
1110 2322 1337 2385 grava-

226 2410 381 2470 men3
448 2386 573 2453 sed
626 2388 681 2453 ei
756 2387 1013 2472 aliquae
1090 2408 1341 2453 merces

228 2484 327 2538 aut
367 2474 531 2539 alias
577 2496 684 2539 res
728 2474 1015 2555 duxerit,
1068 2473 1151 2539 de
1196 2474 1340 2560 qui-

229 2560 337 2623 bus
404 2568 591 2625 muta
658 2558 899 2625 debeat
966 2562 1334 2646 provenire,

226 2666 329 2730 per
350 2648 569 2711 omnia
591 2653 917 2711 mutarum
939 2645 1085 2711 loca
1106 2646 1333 2734 (Belat

226 2754 327 2817 per
396 2732 617 2798 omnia
680 2733 1075 2798 tributorum
1163 2731 1335 2818 loca)

226 2820 459 2884 nonnisi
506 2817 799 2883 debitam
830 2817 1048 2885 solvat
1066 2827 1337 2900 mutam,

231 2926 407 2989 quam
474 2902 763 2970 solveret
834 2926 1009 2969 unus
1092 2905 1335 2970 civium

230 2989 386 3055 illius
428 2991 738 3072 civitatis,
782 2990 854 3055 in
892 3012 1024 3077 qua
1043 2990 1339 3058 Judaeua

230 3098 294 3141 eo
332 3086 622 3163 tempore
666 3076 1063 3143 demoratur.
1256 3116 1259 3119 ⁴

386 3168 485 3229 13.
531 3162 720 3240 Item,
766 3163 824 3227 ei
866 3162 1105 3230 Judaei
1139 3163 1340 3250 juxta

228 3264 391 3311 suam
452 3248 995 3315 cousuetudinem
1051 3248 1336 3337 aliquem

230 3354 305 3396 ex
358 3336 629 3400 mortuis
684 3336 821 3401 suia
880 3343 997 3400 aut
1052 3335 1136 3402 de
1180 3337 1337 3401 civi-

230 3427 349 3485 tate
386 3420 469 3486 ad
513 3422 865 3496 civitatem,
912 3429 1027 3486 aut
1068 3422 1151 3489 de
1194 3443 1339 3510 pro-

228 3506 425 3571 vintia
466 3508 551 3571 ad
595 3508 1027 3594 provinciam,
1098 3518 1213 3573 aut
1255 3506 1341 3573 de

233 3610 350 3655 una
386 3602 557 3659 terra
575 3594 649 3657 in
673 3593 871 3659 aliam
916 3592 1337 3662 deduxerint:

236 3676 383 3741 nihil
425 3679 509 3744 ab
552 3680 647 3745 eis
691 3702 735 3744 a
773 3680 1074 3745 mutariis
1098 3682 1343 3745 nostris

236 3762 436 3841 (Belem
498 3765 581 3829 ab
646 3766 741 3830 eia
802 3786 921 3855 per
962 3766 1343 3833 tributarios

232 3854 492 3935 nostros)
561 3850 869 3918 volumus
930 3854 1348 3939 extorqueri;

234 3934 285 3995 ai
320 3944 526 4002 autem
568 3940 889 4005 mutariua
934 3938 1186 4026 aliquid
1228 3960 1338 4005 ex-

234 4023 485 4098 torserit,
546 4033 619 4089 ut
680 4023 1023 4110 praedatio
1089 4027 1341 4103 mortui,

238 4107 335 4189 qui
374 4108 725 4193 vulgariter
786 4111 1021 4175 reraub
1081 4111 1341 4195 dicitur,

237 4193 519 4290 puniatur
540 4196 761 4278 (Bolax
806 4205 881 4263 ut
900 4197 1149 4287 praedo
1170 4220 1339 4267 mor·

238 4286 325 4339 tui
360 4282 698 4365 puniatur).

1448 490 1724 559 mobili-a
1767 500 1834 557 et
1877 488 2240 563 immobilia
2299 493 2368 559 ln
2413 492 2590 579 regie

1448 581 1591 644 aive
1658 578 1846 643 ducis
1910 588 2300 665 potestatem
2371 588 2586 647 trana-

1448 674 1624 731 eant.
2141 678 2146 681 ·
2199 711 2210 725 .

1581 804 1590 813 «
1623 755 1684 833 ξ.
1715 756 1812 817 11.
1856 750 2045 832 Item,
2067 753 2146 814 ,εἰ
2189 749 2588 817 christianus

1446 835 1778 902 Judaeum
1825 836 2158 918 ceciderit,
2224 838 2322 902 ita
2361 846 2587 901 tamen

1448 922 1628 1008 quod
1673 924 2063 1007 sanguinem
2108 944 2240 987 non
2273 924 2586 999 effundat,

1448 1008 1664 1073 solvat
1705 1010 1845 1095 regi
1887 1007 1996 1074 vel
2041 1007 2196 1074 duci
2239 1008 2382 1074 IIII
2411 1031 2585 1075 mar-

1446 1115 1561 1159 cae
1607 1095 1770 1177 auri,
1815 1102 1883 1159 et
1926 1116 2240 1181 percusso
2263 1116 2380 1161 seu
2404 1094 2584 1161 laeso

1447 1178 1590 1245 1111
1656 1202 1911 1245 marcas
1975 1182 2266 1267 argenti3
2326 1182 2381 1247 ei
2426 1203 2586 1248 vero
2666 1210 2674 1217 '·

1444 1267 1792 1355 pecuniam
1835 1265 2082 1333 habere
2134 1289 2268 1333 non
2328 1268 2586 1355 poterit,

1444 1374 1563 1439 per
1605 1352 2172 1420 detruncationem
2217 1376 2454 1420 manua
2475 1375 2578 1420 aa·

1442 1439 1733 1505 tiataciat
1776 1462 1898 1525 pro
1941 1441 2308 1506 commisso.
2429 1454 2434 1459 “

1578 1958 1770 2037 3:12.
1815 1954 2000 2039 Item,
2048 1954 2430 2043 ubicunque
2463 1956 2581 2026 ‹Ju-

1448 2041 1654 2106 daeua
1679 2040 2037 2107 dominium
2065 2053 2359 2109 nostrum
2376 2053 2585 2109 trana-

1446 2128 1613 2210 ierit‚
1659 2128 1880 2195 nullus
1927 2130 1984 2193 ei
2031 2130 2116 2193 ali
2168 2130 2300 2195 uod
2370 2131 2580 2217 impe·

1446 2213 1809 2279 dimentum
1874 2223 2131 2301 praesta
2181 2218 2234 2281 it
2288 2224 2403 2281 aut
2446 2238 2581 2283 mo-
2704 2282 2708 2287 .

1446 2300 1704 2365 lestiam
1751 2300 1994 2367 inferat
2036 2322 2162 2367 nec
2189 2324 2578 2387 gravamen3

1446 2385 1563 2451 sed
1609 2388 1664 2451 si
1709 2387 1967 2473 aliquas
2011 2410 2262 2455 merces
2285 2387 2582 2455 autaliaa

1444 2496 1549 2537 res
1619 2472 1902 2555 duxerit,
1963 2474 2044 2539 de
2113 2474 2353 2562 quibua
2372 2510 2380 2519 ·
2398 2484 2582 2541 muta

1447 2557 1688 2624 debeat
1755 2562 2133 2647 provenire:
2194 2582 2313 2648 per
2357 2562 2582 2627 omnia

1440 2654 1768 2712 mutarum
1837 2646 1982 2712 loca
2062 2648 2326 2713 nonnisi
2371 2648 2579 2715 -debi-

1438 2741 1574 2797 tam
1619 2732 1832 2797 solvat
1875 2742 2146 2816 mutam,
2205 2756 2402 2820 quam
2450 2733 2579 2800 aol-

1440 2826 1628 2885 veret
1668 2840 1840 2885 unua
1883 2820 2125 2885 civium
2173 2818 2580 2889 civitatisil-

1441 2903 1591 2987 lius,
1635 2906 1705 2969 in
1750 2926 1881 2991 qua
1923 2904 2218 2971 Judaeus
2279 2928 2358 2972 eo
2415 2914 2577 2973 tem-

1439 3010 1600 3079 pore
1643 3001 2098 3057 commoratur.

1617 3166 1678 3247 ς.
1707 3164 1804 3229 13.
1849 3163 2018 3229 Item
2041 3164 2098 3228 si
2121 3162 2360 3230 Judaei
2376 3165 2578 3249 juxta

1443 3270 1629 3315 auam
1689 3248 2232 3315 consuetudinem
2293 3247 2576 3337 aliquem

1444 3358 1528 3401 ex
1589 3336 1862 3401 mortuis
1919 3336 2056 3399 auis
2113 3343 2230 3400 aut
2288 3336 2372 3403 de
2415 3338 2580 3403 civi-

1442 3431 1575 3487 tate
1621 3420 1709 3487 ad
1753 3422 2106 3503 civitatem,
2153 3428 2267 3487 aut
2311 3422 2395 3489 de
2431 3444 2579 3512 pro·

1444 3508 1664 3573 vincia
1707 3508 1793 3574 ad
1839 3508 2267 3594 provinciam,
2336 3517 2450 3575 aut
2495 3507 2580 3575 de

1444 3614 1582 3662 una
1623 3605 1798 3661 terra
1843 3594 1929 3659 ad
1974 3593 2170 3659 aliam
2194 3602 2436 3661 terram
2470 3595 2580 3659 de-

1448 3680 1784 3746 duxerint:
1831 3679 1995 3746 nihil
2022 3680 2106 3745 ab
2131 3682 2225 3747 eia
2263 3680 2398 3769 'per
2439 3702 2579 3745 mu-

1446 3768 1650 3833 tarioa
1696 3776 1955 3833 nostros
1997 3765 2306 3833 volumus
2365 3776 2578 3833 extor-

1448 3855 1636 3939 queri
1659 3854 1776 3939 ;⁴si
1819 3862 2038 3921 autem
2085 3856 2406 3920 mutariua
2463 3853 2578 3921 ali-

1449 3938 1610 4026 quid
1669 3940 1809 4022 (Br.
1875 3939 1960 4005 ab
2021 3940 2148 4025 eis)
2211 3942 2578 4021 extorserit,

1448 4033 1521 4089 ut
1564 4026 1809 4111 praedo
1914 4026 1979 4090 ui
2042 4024 2402 4110 vulgariter
2448 4027 2493 4093 b
2512 4049 2580 4093 eae

1447 4110 1812 4179 rawber
1869 4047 2030 4197 gaio)
2099 4112 2388 4199 dicitur,
2461 4133 2582 4201 pu·

1446 4198 1684 4263 niatur.
