3150 5017
1560 306 2032 375 ...256-

599 480 918 561 volentes,
963 488 1037 544 ut
1080 478 1295 543 dictus
1345 500 1464 545 rex
1524 501 1604 544 ac
1676 482 1886 567 ipsius
1953 481 2228 550 heredes
2303 491 2512 551 terras
2574 483 2907 573 praedictas,

596 577 831 648 castra,
892 568 1197 631 civitates
1241 574 1308 631 et
1330 566 1573 653 oppida
1619 575 1686 632 et
1730 567 2062 635 districtus
2100 572 2178 634 in
2225 570 2534 637 omnibus
2579 570 2916 661 supradictis

602 662 879 720 teneant
937 661 1005 718 et
1062 650 1473 719 utifruantur
1516 654 1632 727 eis,
1694 676 2035 741 quousque
2078 679 2199 743 per
2241 679 2364 723 nos
2409 658 2517 724 vel
2562 678 2920 725 successores

596 750 856 807 nostros
915 740 1361 831 Romanorum
1422 760 1614 825 reges
1675 740 1781 805 vel
1839 741 2274 829 Imperatores
2333 745 2580 811 eisdem
2625 747 2754 831 regi
2792 745 2921 809 Boe-

592 830 766 893 miae
808 848 893 891 ac
951 825 1304 891 heredibus
1364 828 1509 911 ejus
1568 825 1654 891 de
1713 828 2070 913 praedictis
2187 832 2623 919 uinquaginta
2678 830 2923 897 millibus

590 934 963 981 marcarum
1010 913 1308 998 ejusdem
1354 913 1666 1000 ponderis
1711 926 1776 979 et
1833 917 2088 1001 argenti
2209 919 2330 984 erit
2373 918 2630 1005 integre
2668 916 2919 984 satisfac—

590 1010 751 1078 tn‘m,
814 1000 1141 1066 fructibus
1198 1002 1493 1087 ipsarum
1537 1008 1882 1084 terrarum,
1942 1011 2322 1081 castrorum,
2383 1005 2739 1081 civitatum,
2776 1025 2850 1091 op
2886 1002 2925 1067 i-

596 1089 829 1153 dorum
876 1095 943 1153 et
985 1087 1425 1169 districtuum,
1484 1106 1652 1173 quos
1711 1088 1837 1174 ipsi
1883 1090 2268 1176 percipient,
2323 1113 2459 1156 non
2505 1100 2840 1179 computat
2881 1089 2924 1151 is

590 1178 662 1241 in
708 1184 970 1256 sortem,
1018 1194 1183 1260 quos
1242 1176 1301 1240 ei
1364 1174 1601 1239 damus
1660 1195 1748 1239 ex
1791 1175 2061 1262 speciali
2089 1182 2319 1262 gratia
2363 1200 2482 1265 per
2525 1178 2926 1256 donationem,

590 1282 763 1349 quae
808 1262 1049 1327 dicitur
1096 1262 1271 1327 inter
1314 1262 1522 1343 vivos,
1566 1270 1838 1348 propter
1875 1270 2066 1347 grata
2099 1263 2548 1351 multipliciter
2591 1276 2658 1333 et
2698 1270 2928 1349 accepta

590 1350 882 1431 servitia,
973 1368 1099 1413 uae
1157 1369 1279 1413 nos
1323 1355 1390 1414 et
1436 1348 1682 1413 dictum
1728 1349 2088 1435 Imperium
2132 1372 2172 1415 a
2217 1371 2372 1436 rege
2417 1355 2780 1439 recepimus
2817 1368 2922 1415 me·

588 1445 862 1503 morato.
1016 1443 1043 1499 t
1086 1435 1264 1521 quod
1325 1434 1708 1521 burggravii
1766 1436 1906 1500 sive
1967 1434 2315 1503 castellani
2391 1447 2696 1505 tenentes
2754 1443 2932 1503 casti-a

584 1526 607 1590 i
658 1544 752 1607 sa,
796 1522 1043 1609 aliique
1088 1520 1345 1587 nobiles
1390 1530 1457 1587 et
1496 1521 1755 1588 incolae
1799 1522 2111 1605 universi,
2157 1522 2408 1590 feudati
2452 1534 2522 1591 et
2564 1548 2698 1592 non
2739 1521 2924 1589 infeu-

636 1612 727 1677 ati
772 1619 1099 1678 terrarum
1124 1617 1187 1675 et
1205 1609 1571 1674 districtum
1601 1606 2099 1694 praedictorum,
2143 1609 2520 1711 praefatum
2536 1634 2760 1699 >regem
2797 1609 2932 1675 Boe·

586 1699 761 1764 miae
820 1718 899 1763 ac
944 1695 1221 1763 heredes
1280 1697 1525 1783 ipsius,
1593 1695 1873 1760 durante
1946 1694 2287 1781 praedicta
2361 1697 2778 1785 obligatione,
2831 1714 2929 1781 pro

584 1788 722 1852 suis
768 1785 1055 1850 dominis
1098 1782 1359 1868 habere,
1418 1783 1584 1869 ipsis
1630 1803 1716 1847 ue
1755 1782 2200 1865 Juramentum
2243 1781 2580 1851 fidelitatis
2627 1790 2932 1873 praestare

582 1882 652 1941 et
694 1880 1070 1939 reverenter
1130 1869 1423 1952 obedire,
1482 1890 1563 1935 ac
1633 1868 1824 1952 cuda,
1883 1888 2053 1955 quae
2095 1876 2344 1954 tenent,
2412 1870 2498 1938 ab
2533 1894 2624 1955 eo
2665 1871 2930 1958 recipere

582 1982 665 2026 ac
708 1960 1040 2028 deservire
1084 1956 1367 2023 fideliter
1410 1964 1780 2022 teneantur.
1824 1955 1906 2021 In
1951 1955 2052 2021 bis
2097 1964 2319 2022 autem
2367 1956 2676 2026 omnibus
2719 1965 2784 2025 et
2823 1955 2934 2021 sin·

582 2046 759 2135 gulis
802 2055 1032 2111 nostro
1078 2054 1145 2111 et
1188 2064 1641 2109 successorum
1701 2051 2070 2108 nostrorum
2130 2042 2620 2129 praedictorum
2687 2044 2930 2111 nomine

580 2156 893 2222 expresse
940 2134 1406 2199 renunciamus
1466 2128 1966 2215 exceptionibus
2008 2151 2142 2195 non
2188 2140 2569 2198 numeratae
2614 2131 2932 2219 pecuniae,

582 2242 718 2289 non
764 2220 1136 2310 ponderati,
1196 2240 1329 2283 non
1376 2215 1594 2297 soluti,
1653 2237 1784 2280 non
1830 2218 2098 2303 recepti,
2161 2238 2294 2283 non
2355 2216 2545 2284 electi
2591 2230 2662 2286 et
2704 2220 2770 2284 in
2814 2235 2933 2282 rem

580 2332 715 2377 non
760 2310 937 2376 versi
982 2307 1258 2393 argenti,
1305 2303 1437 2369 doli
1481 2301 1656 2382 mali,
1701 2302 1943 2366 actioni
1989 2304 2058 2367 in
2104 2302 2352 2369 factum
2414 2313 2484 2371 et
2548 2301 2934 2372 condictioni

580 2400 727 2465 sine
771 2415 974 2463 causa
1031 2415 1112 2461 ac
1171 2391 1488 2459 beneficio
1548 2385 1818 2451 cuilibet
1891 2386 2161 2455 alterius
2217 2391 2406 2477 juris,
2483 2392 2790 2459 canonici
2843 2385 2934 2455 vel

576 2486 815 2569 civilis,
862 2481 1038 2571 quod
1083 2478 1275 2547 nobis
1333 2484 1399 2542 et
1456 2472 1809 2559 praedietis
1869 2476 2358 2543 successoribus
2419 2481 2666 2547 nostris
2729 2483 2934 2544 contra

622 2572 950 2640 raedictas
996 2567 1462 2653 obligationem
1507 2566 1575 2624 et
1620 2559 2042 2626 donationem
2090 2572 2346 2629 nostras
2391 2563 2474 2631 de
2509 2566 2670 2650 jure
2717 2563 2823 2631 vel
2863 2564 2933 2627 de

572 2596 753 2728 facto
798 2658 887 2725 ad
944 2673 1257 2745 praesens
1298 2646 1614 2731 competit
1656 2644 1762 2710 vel
1821 2648 2032 2733 possit
2089 2658 2460 2735 competere
2515 2653 2590 2717 in
2633 2652 2930 2719 futurum.

571 2750 654 2816 In
701 2767 978 2836 quorum
1025 2740 1315 2807 omnium
1357 2732 1803 2797 testimonium
1851 2741 1917 2799 et
1961 2736 2444 2886 praedictorum
2487 2739 2670 2825 regis
2716 2760 2797 2803 ac
2839 2736 2931 2801 he·

572 2834 808 2905 redum
856 2848 1121 2899 suorum
1164 2817 1489 2888 cautelam
1548 2827 1932 2904 praesentes
2001 2821 2202 2889 iteras
2243 2823 2385 2889 fieri
2431 2832 2496 2889 et
2539 2823 2766 2913 sigillo
2807 2822 2929 2889 Ma·

561 2925 825 3015 jestatis
871 2923 1129 2986 nostrae
1163 2906 1481 2995 jussimus
1526 2905 1939 2973 communiri.
2001 2907 2271 3060 &letum
2314 2918 2384 2977 et
2427 2910 2658 2977 datum
2703 2930 2937 3000 ponen-

568 3022 681 3079 tur
726 3012 896 3076 sicnt
942 2998 1183 3068 debent
1226 3001 1292 3058 et
1334 2993 1402 3055 in
1448 2990 1594 3056 loco
1640 3000 1931 3079 tempore
1977 3016 2020 3059 u
2067 2996 2092 3059 i
2137 2996 2342 3081 fiet).“

751 3093 965 3181 Super
988 3079 1363 3173 praemissis
1388 3085 1610 3142 autem
1641 3078 1948 3145 omnibus
1972 3089 2039 3146 et
2060 3082 2335 3169 singulis
2379 3104 2497 3170 per
2539 3106 2666 3151 nos
2711 3084 2941 3149 facien·

570 3187 675 3255 dis
720 3193 786 3251 et
830 3164 1263 3259 adimplendis
1306 3171 1690 3251 praesentes
1729 3164 1955 3232 literas
1991 3166 2226 3234 damus
2259 3169 2602 3255 praedicto
2623 3172 2796 3257 regi,
2838 3189 2939 3235 no-

566 3284 703 3343 stro
748 3264 965 3353 sigillo
1010 3260 1325 3322 consueto
1376 3252 1684 3316 munitas.
2087 3300 2124 3315 ..

742 3356 986 3426 Datum
1046 3338 1389 3419 Wiennae,
1473 3338 1674 3403 Anno
1732 3336 2004 3405 Domini
2079 3334 2606 3427 MOCXOVIII,
2649 3341 2940 3411 secundo

564 3449 727 3518 Idus
772 3428 1135 3511 Februarii,
1182 3424 1304 3489 XI.
1350 3423 1746 3491 Indictione.
2371 3470 2378 3481 .

1694 3720 1800 3786 93.

786 3807 1214 3953 Promissio
1266 3855 1363 3940 de
1412 3854 1933 3942 libertatibus
1987 3860 2168 3967 regi
2217 3860 2574 3947 Boemiae
2624 3862 2719 3947 in

1400 3964 1767 4046 eventum
1833 3963 2075 4047 facta.

1472 4084 1662 4148 1298.
1713 4084 1816 4149 14.
1859 4084 2053 4151 Mart.

747 4205 901 4261 Idem
937 4196 1190 4251 Albertus
1238 4190 1345 4243 dux
1380 4189 1631 4241 Austriae
1650 4190 1984 4241 'electionem
2019 4205 2174 4242 snam
2229 4192 2288 4241 in
2335 4174 2517 4258 regem
2563 4193 2942 4247 Romanorum

726 4292 832 4343 ens,
871 4262 1188 4325 wenceslao
1224 4260 1295 4313 Π.
1331 4256 1545 4313 electori
1583 4258 1758 4311 varias
1776 4256 2049 4311 libertates
2085 4274 2143 4311 se
2178 4260 2567 4327 impertiturum
2602 4269 2703 4313 aut
2745 4264 2938 4315 confir-

726 4364 804 4403 1m
840 4338 1105 4413 promisit.
