3150 5017
1169 374 1255 391 ....
1338 338 1463 407 ml
1556 374 1640 391 ..-

396 514 487 579 15.
530 518 592 596 ξ.
641 514 697 581 1.
738 513 812 583 Si
857 515 1005 600 quis
1041 512 1435 600 fidejusserit
1478 536 1594 599 pro
1617 513 1889 580 vulnere
1933 510 2234 596 duellari,
2279 523 2346 579 et
2387 514 2444 579 si
2475 510 2590 577 ille

276 620 341 667 ro
358 622 483 687 quo
522 601 865 687 fidejussit,
896 600 1377 687 subterfugerit,
1410 600 1760 687 fidejussor
1773 598 2066 687 placabit
2097 602 2398 667 inimicos
2443 618 2590 665 cum

240 624 445 753 decem
486 687 739 767 marcis,
778 688 1071 775 judicem
1114 710 1273 755 vero
1317 706 1467 753 cnm
1508 687 1722 755 tribus
1765 689 2021 753 marcis.
2069 691 2130 771 ξ.
2179 689 2242 755 2.
2329 686 2403 753 Si
2445 703 2590 774 pro·

240 775 496 861 scriptus
559 774 775 841 redire
819 774 1121 857 voluerit,
1181 777 1459 841 termino
1526 784 1770 843 statuto
1841 775 2120 863 placatis
2178 773 2467 840 inimicis
2512 782 2582 841 et

239 860 619 947 fidejussore,
664 861 849 927 salvo
886 863 1037 949 jure
1082 863 1347 945 civium,
1393 884 1553 929 sane
1597 870 1982 929 revertatur.

392 950 485 1015 16.
532 952 595 1033 ξ.
646 950 701 1013 1.
724 948 1139 1036 Quicumque
1174 970 1409 1037 pacem
1452 951 1521 1015 in
1550 948 1656 1015 die
1679 949 1927 1015 forensi
1967 948 2336 1025 violaverit,
2383 963 2585 1013 manu

239 1034 620 1102 truncabitur
642 1044 756 1101 aut
770 1058 1023 1123 poenae
1046 1035 1274 1102 decem
1299 1058 1664 1103 marcarum
1711 1035 2100 1121 subjacebit,
2143 1035 2367 1101 habito
2411 1034 2591 1101 testi-

239 1122 433 1189 monio
464 1122 741 1188 duorum
789 1122 895 1188 vel
938 1124 1134 1189 trium
1180 1123 1481 1205 testium3
1530 1123 1614 1189 de
1644 1123 1988 1210 praedicta
2030 1124 2313 1210 pecunia
2355 1120 2595 1189 cedent

239 1206 385 1275 duae
427 1218 648 1295 partes
681 1209 917 1297 judici,
953 1211 1216 1296 juratis'
1239 1232 1394 1277 vero
1439 1211 1653 1277 tertia.

388 1296 485 1361 17.
575 1296 647 1362 Si
712 1297 859 1383 quis
922 1304 1269 1363 accusatus
1334 1296 1531 1363 fuerit
1593 1318 1714 1384 pro
1780 1297 1978 1379 furto,
2038 1304 2108 1361 et
2177 1316 2588 1383 conquerens

234 1382 427 1467 ipsum
468 1383 860 1450 convincere
902 1382 1187 1449 noluerit
1210 1405 1335 1450 nec
1357 1382 1529 1451 collo
1568 1406 1684 1449 suo
1709 1382 2068 1471 quidquam
2115 1382 2390 1469 ligatum
2436 1391 2588 1449 ante

227 1468 523 1552 judicium
572 1469 805 1535 ductus
828 1470 1045 1553 fuerit,
1092 1471 1211 1539 sed
1252 1470 1638 1555 simpliciter
1661 1478 2134 1558 conqueratur:
2227 1472 2394 1535 rima
2437 1471 2588 1535 vice

234 1557 543 1623 incusatus
607 1578 745 1623 una
798 1578 869 1623 se
930 1578 1131 1623 manu
1195 1559 1434 1646 poterit
1492 1578 1898 1645 expurgare3
1960 1578 2161 1623 secun
2211 1578 2250 1623 a
2314 1557 2461 1621 vice
2519 1557 2591 1621 in

234 1662 369 1707 casu
430 1643 629 1709 simili
692 1653 1055 1727 accusatus,
1108 1653 1240 1711 met
1326 1646 1556 1711 tertius
1645 1644 2163 1733 expurgabitur-3
2253 1643 2308 1709 si
2397 1643 2594 1709 tertia

233 1730 359 1797 vice
414 1732 482 1795 in
528 1750 690 1797 casu
732 1731 929 1797 simili
997 1740 1363 1815 accusatur,
1442 1740 1573 1797 met
1619 1733 1932 1819 septimus
1999 1752 2070 1797 se
2137 1729 2584 1818 expurgabit3

234 1818 280 1881 si
330 1826 559 1904 quarta
602 1819 768 1901 vice,
814 1821 991 1883 omni
1038 1819 1399 1906 postposita
1442 1820 1788 1887 occasione
1832 1819 1996 1885 furis
2041 1819 2428 1885 sententiam
2477 1836 2588 1903 pa·

235 1903 425 1971 tietur.
536 1924 543 1927 ·

384 1992 480 2057 18.
574 1993 807 2058 Omnis
873 1993 1065 2058 homo
1131 1992 1263 2059 fide
1326 1992 1565 2079 dignus
1633 1992 1879 2057 nullius
1959 1992 2103 2056 vitii
2166 2011 2402 2077 passus
2467 1991 2591 2055 im-

232 2079 603 2164 properium,
664 2080 721 2144 si
763 2080 959 2145 fuerit
1002 2080 1301 2165 culpatus
1346 2079 1427 2145 de
1471 2078 1824 2145 homicidio
1868 2076 1976 2143 vel
2045 2077 2127 2143 de
2171 2096 2452 2164 quacum
2504 2098 2587 2141 ue

233 2184 407 2231 causa
448 2174 813 2249 accusatae,
874 2165 1105 2231 melius
1166 2189 1237 2232 se
1296 2188 1443 2231 cum
1506 2164 1727 2251 probis
1769 2163 2148 2231 hominibus
2192 2185 2490 2250 expurga
2537 2164 2590 2229 it

236 2272 407 2337 quam
450 2255 904 2335 convincatur,
949 2262 1211 2340 praeter
1250 2251 1695 2319 incendiarios
1739 2259 1805 2318 et
1849 2253 2240 2317 monetarios
2285 2259 2352 2317 et
2393 2248 2585 2317 adul-

232 2347 401 2423 teros,
444 2340 758 2426 legitimis
816 2339 1346 2423 concumbentes,
1408 2362 1650 2425 easque
1710 2339 1791 2405 de
1852 2340 2012 2405 viris
2071 2340 2207 2404 suis
2251 2337 2586 2403 abducen-

170 2436 173 2443 '
230 2433 333 2509 tes,
372 2428 483 2513 qui
526 2428 749 2515 potius
771 2428 1268 2510 convincuntur,
1314 2448 1509 2515 quam
1534 2448 1684 2492 cum
1707 2425 2084 2491 hominibus
2113 2448 2182 2491 se
2207 2424 2587 2491 defendant.

390 2516 487 2580 19.
536 2512 953 2601 Quicumque
999 2513 1079 2579 de
1124 2514 1344 2601 aliquo
1390 2514 1662 2580 crimine
1705 2514 2044 2579 convictus
2091 2513 2268 2615 quod
2310 2512 2590 2597 pertinet

230 2598 306 2665 ad
346 2598 871 2688 dampnationem
930 2603 1239 2688 corporis,
1284 2608 1350 2667 et
1394 2601 1480 2666 de
1536 2622 1863 2666 consensu
1913 2599 2159 2682 judicis
2221 2608 2288 2666 et
2347 2600 2591 2665 civium

231 2684 523 2754 liberatus
570 2687 769 2754 fuerit
812 2690 1111 2775 pecunia,
1170 2688 1443 2753 ulterius
1495 2688 1667 2774 juris
1713 2696 1934 2753 careat
1977 2688 2256 2771 honore;
2320 2706 2590 2752 accusa-

230 2779 325 2839 tus
364 2785 580 2841 autem
627 2773 1038 2861 postmodum
1085 2774 1165 2840 de
1210 2774 1429 2862 aliquo
1475 2775 1750 2841 crimine
1795 2774 2258 2859 suspendatur.
2292 2817 2301 2825 -

383 2862 485 2927 20.
533 2860 607 2927 Si
654 2862 801 2949 quis
846 2884 963 2949 pro
1009 2861 1450 2947 hospitalitate
1490 2860 1708 2926 furum
1732 2870 2078 2927 accusatus
2124 2860 2342 2942 fuerit,
2386 2860 2600 2946 prima

232 2946 361 3012 vice
400 2971 535 3015 una
580 2970 651 3015 se
698 2970 899 3015 manu
956 2946 1385 3036 expurgabit;
1449 2947 1741 3013 secunda
1803 2949 1945 3013 vice
2007 2956 2379 3029 accusatus,
2440 2953 2599 3012 met·

232 3036 442 3099 tertius
486 3056 558 3102 se
606 3035 1032 3122 expurgabit3
1090 3036 1285 3101 tertia
1329 3036 1475 3101 vice
1534 3043 1902 3110 accusatus,
1969 3035 2363 3100 sententiam
2425 3030 2596 3097 furis

239 3121 521 3205 patietur»

390 3209 491 3277 21.
536 3210 681 3277 Nec
740 3209 1051 3295 magister
1108 3217 1407 3275 monetae
1452 3230 1577 3275 nec
1615 3207 1828 3291 judex
1886 3209 2029 3273 sine
2065 3206 2308 3295 juratis
2351 3226 2476 3271 nec
2525 3205 2601 3269 in

239 3312 448 3382 campo
494 3320 620 3363 nec
676 3298 746 3361 in
814 3294 1116 3363 domibus
1176 3302 1493 3383 quaerent
1549 3294 1752 3361 falsos
1813 3294 2120 3361 denarios
2169 3315 2291 3360 nec
2335 3292 2602 3357 furtum.

392 3383 493 3449 22.
538 3389 600 3469 ξ.
651 3386 705 3449 1.
752 3383 824 3450 Si
867 3382 1219 3451 vendentis
1262 3381 1547 3449 alicu‘us
1568 3389 1914 3467 argentum
1965 3403 2167 3463 cupro
2209 3389 2326 3446 aut
2367 3388 2603 3464 stagno

239 3466 416 3535 fuerit
480 3472 783 3546 mixtum,
823 3471 999 3536 idem
1060 3490 1311 3557 poenae
1370 3406 1619 3535 falsarii
1667 3466 2058 3555 subjacebit,
2121 3468 2203 3533 de
2263 3466 2602 3555 praedicto

238 3562 438 3621 autem
484 3557 653 3625 falso
679 3557 851 3623 duae
877 3566 1095 3643 partes
1140 3555 1377 3623 cedent
1411 3556 1649 3642 judici,
1695 3558 1890 3623 tertia
1933 3576 2088 3622 vero
2118 3554 2384 3642 juratis.
2433 3557 2493 3635 §-
2540 3554 2600 3619 2.

240 3638 638 3731 Quicumque
711 3643 879 3710 falso
959 3645 1229 3711 denario
1308 3642 1762 3729 deprehensus
1834 3643 2036 3711 fuerit
2105 3638 2602 3721 rationabiliter,

240 3728 401 3793 omni
442 3740 695 3797 semota
738 3733 1081 3799 occasione
1123 3748 1375 3818 poenae
1420 3731 1594 3815 ignis
1640 3731 2028 3816 subjacebit.

395 3818 497 3883 23.
558 3822 617 3901 ξ.
682 3821 737 3884 1.
796 3817 1213 3905 Quicumque
1289 3817 1621 3903 hospitum
1678 3818 1750 3882 in
1809 3816 2110 3883 domibus
2178 3814 2602 3900 burgensium

242 3896 533 3987 hospitati
577 3905 841 3981 fuerint,
884 3914 951 3971 et
992 3907 1050 3971 si
1092 3906 1164 3971 in
1209 3924 1369 3971 auro
1430 3902 1537 3969 vel
1581 3905 1650 3969 in
1697 3912 1970 3990 argento
2016 3901 2123 3968 vel
2166 3903 2237 3968 in
2284 3900 2450 3970 falso
2498 3900 2604 3967 de·

245 3990 409 4054 nario
452 3990 843 4078 deprehensi
869 3992 1133 4059 'fuerint
1175 3992 1245 4055 in
1289 3990 1555 4056 civitate
1578 3989 1689 4055 vel
1729 3993 1803 4057 in
1827 4012 2080 4077 campo,
2125 4006 2378 4075 poenae
2424 3989 2600 4075 ignis

246 4070 685 4163 subjacebunt.
732 4082 795 4161 ξ.
839 4080 900 4147 2.
946 4078 1018 4145 Si
1064 4086 1285 4155 autem
1328 4076 1638 4142 falsarius
1683 4076 1860 4143 idem
1905 4098 1990 4143 ex
2034 4077 2351 4142 instinctu
2395 4077 2596 4141 alicu-

241 4157 343 4240 jus
380 4165 706 4247 professus
750 4164 950 4232 fixerit
991 4165 1319 4249 hospitem
1363 4185 1554 4227 suum
1599 4165 1669 4227 in
1715 4166 1904 4251 cujus
1971 4164 2162 4228 domo
2209 4165 2472 4245 mansit,
2519 4161 2604 4227 de

250 4245 455 4315 eodem
502 4250 667 4319 falso
698 4253 984 4338 aliquam
1030 4260 1279 4339 partem
1328 4271 1729 4315 reservasse:
1769 4251 1980 4336 judex
2027 4252 2382 4336 assumptis
2417 4251 2604 4335 jura-

249 4330 327 4397 tis
366 4332 624 4417 domum
679 4339 995 4425 praedicti
1054 4338 1241 4409 civis·
1280 4337 1571 4420 accedat,
1635 4339 1778 4405 cive
1839 4337 1926 4406 ad
1984 4360 2054 4406 se
2114 4347 2348 4405 vocato
2411 4336 2605 4411 dicat,
