<?xml version="1.0" encoding="UTF-8"?>
<!DOCTYPE html PUBLIC "-//W3C//DTD XHTML 1.0 Transitional//EN"
    "http://www.w3.org/TR/xhtml1/DTD/xhtml1-transitional.dtd">
<html xmlns="http://www.w3.org/1999/xhtml" xml:lang="en" lang="en">
 <head>
  <title>
</title>
<meta http-equiv="Content-Type" content="text/html;charset=utf-8" />
  <meta name='ocr-system' content='tesseract 3.04.00' />
  <meta name='ocr-capabilities' content='ocr_page ocr_carea ocr_par ocr_line ocrx_word'/>
</head>
<body>
  <div class='ocr_page' id='page_1' title='image "./codexjurisbohem01unkngoog_0230.png"; bbox 0 0 3150 5017; ppageno 0'>
   <div class='ocr_carea' id='block_1_1' title="bbox 1494 360 1972 429">
    <p class='ocr_par' dir='ltr' id='par_1_1' title="bbox 1494 360 1972 429">
     <span class='ocr_line' id='line_1_1' title="bbox 1494 360 1972 429; baseline 0 -16"><span class='ocrx_word' id='word_1_1' title='bbox 1494 360 1972 429; x_wconf 72' lang='lat'><strong>...220-</strong></span> 
     </span>
    </p>
   </div>
   <div class='ocr_carea' id='block_1_2' title="bbox 530 532 2888 605">
    <p class='ocr_par' dir='ltr' id='par_1_2' title="bbox 530 532 2888 605">
     <span class='ocr_line' id='line_1_2' title="bbox 530 532 2888 605; baseline -0.002 -16"><span class='ocrx_word' id='word_1_2' title='bbox 530 552 653 589; x_wconf 81' lang='lat' dir='ltr'><strong>nem</strong></span> <span class='ocrx_word' id='word_1_3' title='bbox 708 536 995 605; x_wconf 68' lang='lat' dir='ltr'><strong>significari</strong></span> <span class='ocrx_word' id='word_1_4' title='bbox 1050 538 1152 588; x_wconf 87' lang='lat' dir='ltr'><strong>nisi</strong></span> <span class='ocrx_word' id='word_1_5' title='bbox 1191 536 1568 589; x_wconf 80' lang='lat' dir='ltr'><strong>Wenceslaum</strong></span> <span class='ocrx_word' id='word_1_6' title='bbox 1621 539 1710 600; x_wconf 66' lang='lat'><strong>11„</strong></span> <span class='ocrx_word' id='word_1_7' title='bbox 1745 552 1907 603; x_wconf 83' lang='lat' dir='ltr'><strong>quum</strong></span> <span class='ocrx_word' id='word_1_8' title='bbox 1943 536 2298 589; x_wconf 85' lang='lat' dir='ltr'><strong>Wenceslaus</strong></span> <span class='ocrx_word' id='word_1_9' title='bbox 2330 539 2381 592; x_wconf 92' lang='grc' dir='ltr'><strong>Ι.</strong></span> <span class='ocrx_word' id='word_1_10' title='bbox 2417 532 2692 602; x_wconf 76' lang='lat' dir='ltr'><strong>nunquam</strong></span> <span class='ocrx_word' id='word_1_11' title='bbox 2727 537 2798 588; x_wconf 76' lang='lat' dir='ltr'><strong>ita</strong></span> <span class='ocrx_word' id='word_1_12' title='bbox 2827 536 2888 587; x_wconf 79' lang='lat' dir='ltr'><strong>sit</strong></span> 
     </span>
    </p>
   </div>
   <div class='ocr_carea' id='block_1_3' title="bbox 537 606 2892 742">
    <p class='ocr_par' dir='ltr' id='par_1_3' title="bbox 537 606 2892 742">
     <span class='ocr_line' id='line_1_3' title="bbox 537 606 2892 742; baseline -0.001 -15"><span class='ocrx_word' id='word_1_13' title='bbox 537 606 952 727; x_wconf 49' lang='lat' dir='ltr'><strong>appdlassqgrne</strong></span> <span class='ocrx_word' id='word_1_14' title='bbox 1000 690 1133 741; x_wconf 79' lang='lat' dir='ltr'><strong>quas</strong></span> <span class='ocrx_word' id='word_1_15' title='bbox 1184 677 1273 727; x_wconf 87' lang='lat' dir='ltr'><strong>hic</strong></span> <span class='ocrx_word' id='word_1_16' title='bbox 1308 674 1656 741; x_wconf 81' lang='lat' dir='ltr'><strong>&#39;exhibemus,</strong></span> <span class='ocrx_word' id='word_1_17' title='bbox 1708 693 1738 727; x_wconf 92' lang='lat' dir='ltr'><strong>e</strong></span> <span class='ocrx_word' id='word_1_18' title='bbox 1784 676 1982 727; x_wconf 77' lang='lat' dir='ltr'><strong>Codice</strong></span> <span class='ocrx_word' id='word_1_19' title='bbox 2028 642 2374 729; x_wconf 80' lang='lat' dir='ltr'><strong>formularum</strong></span> <span class='ocrx_word' id='word_1_20' title='bbox 2409 677 2820 742; x_wconf 69' lang='lat' dir='ltr'><strong>Rogiomontano</strong></span> <span class='ocrx_word' id='word_1_21' title='bbox 2851 678 2892 725; x_wconf 86' lang='lat' dir='ltr'><strong>et</strong></span> 
     </span>
    </p>
   </div>
   <div class='ocr_carea' id='block_1_4' title="bbox 531 740 2907 3647">
    <p class='ocr_par' dir='ltr' id='par_1_4' title="bbox 531 740 2892 950">
     <span class='ocr_line' id='line_1_4' title="bbox 538 740 2889 813; baseline -0.001 -18"><span class='ocrx_word' id='word_1_22' title='bbox 538 760 602 795; x_wconf 88' lang='lat' dir='ltr'><strong>ex</strong></span> <span class='ocrx_word' id='word_1_23' title='bbox 639 744 808 796; x_wconf 84' lang='lat' dir='ltr'><strong>altero</strong></span> <span class='ocrx_word' id='word_1_24' title='bbox 832 746 1126 797; x_wconf 85' lang='lat' dir='ltr'><strong>Zdenconis</strong></span> <span class='ocrx_word' id='word_1_25' title='bbox 1164 746 1230 799; x_wconf 90' lang='lat' dir='ltr'><strong>de</strong></span> <span class='ocrx_word' id='word_1_26' title='bbox 1254 745 1505 807; x_wconf 68' lang='lat' dir='ltr'><strong>Trebam-s,</strong></span> <span class='ocrx_word' id='word_1_27' title='bbox 1541 748 1744 813; x_wconf 85' lang='lat' dir='ltr'><strong>primus</strong></span> <span class='ocrx_word' id='word_1_28' title='bbox 1779 746 1922 812; x_wconf 81' lang='lat' dir='ltr'><strong>typis</strong></span> <span class='ocrx_word' id='word_1_29' title='bbox 1959 748 2250 812; x_wconf 84' lang='lat' dir='ltr'><strong>exscriptas</strong></span> <span class='ocrx_word' id='word_1_30' title='bbox 2286 745 2432 797; x_wconf 86' lang='lat' dir='ltr'><strong>dedit</strong></span> <span class='ocrx_word' id='word_1_31' title='bbox 2465 760 2640 797; x_wconf 80' lang='lat' dir='ltr'><strong>comes</strong></span> <span class='ocrx_word' id='word_1_32' title='bbox 2677 759 2711 795; x_wconf 87' lang='lat' dir='ltr'><strong>a</strong></span> <span class='ocrx_word' id='word_1_33' title='bbox 2735 740 2889 796; x_wconf 87' lang='lat' dir='ltr'><strong>Stern-</strong></span> 
     </span>
     <span class='ocr_line' id='line_1_5' title="bbox 540 811 2892 881; baseline -0.001 -16"><span class='ocrx_word' id='word_1_34' title='bbox 540 814 670 881; x_wconf 85' lang='lat' dir='ltr'><strong>berg</strong></span> <span class='ocrx_word' id='word_1_35' title='bbox 702 816 761 865; x_wconf 86' lang='lat' dir='ltr'><strong>in</strong></span> <span class='ocrx_word' id='word_1_36' title='bbox 796 814 932 865; x_wconf 85' lang='lat' dir='ltr'><strong>libro</strong></span> <span class='ocrx_word' id='word_1_37' title='bbox 970 816 1063 879; x_wconf 88' lang='lat' dir='ltr'><strong>qui</strong></span> <span class='ocrx_word' id='word_1_38' title='bbox 1096 814 1422 866; x_wconf 71' lang='lat' dir='ltr'><strong>intitulatur:</strong></span> <span class='ocrx_word' id='word_1_39' title='bbox 1464 814 1933 878; x_wconf 86' lang='lat' dir='ltr'><strong>„Urkundenbuch</strong></span> <span class='ocrx_word' id='word_1_40' title='bbox 1970 830 2062 866; x_wconf 78' lang='lat' dir='ltr'><strong>zur</strong></span> <span class='ocrx_word' id='word_1_41' title='bbox 2097 814 2414 866; x_wconf 83' lang='lat' dir='ltr'><strong>Geschichte</strong></span> <span class='ocrx_word' id='word_1_42' title='bbox 2451 816 2544 867; x_wconf 87' lang='lat' dir='ltr'><strong>der</strong></span> <span class='ocrx_word' id='word_1_43' title='bbox 2573 811 2892 865; x_wconf 70' lang='lat' dir='ltr'><strong>biihmischsn</strong></span> 
     </span>
     <span class='ocr_line' id='line_1_6' title="bbox 531 883 1154 950; baseline 0 -15"><span class='ocrx_word' id='word_1_44' title='bbox 531 884 878 950; x_wconf 78' lang='lat' dir='ltr'><strong>Bergwerke“</strong></span> <span class='ocrx_word' id='word_1_45' title='bbox 919 884 994 950; x_wconf 85' lang='lat' dir='ltr'><strong>(p.</strong></span> <span class='ocrx_word' id='word_1_46' title='bbox 1028 883 1154 947; x_wconf 80' lang='lat'><strong>45.).</strong></span> 
     </span>
    </p>

    <p class='ocr_par' dir='ltr' id='par_1_5' title="bbox 535 964 2906 2158">
     <span class='ocr_line' id='line_1_7' title="bbox 711 964 2894 1055; baseline -0.003 -22"><span class='ocrx_word' id='word_1_47' title='bbox 711 968 849 1033; x_wconf 78' lang='lat' dir='ltr'><strong>Nos</strong></span> <span class='ocrx_word' id='word_1_48' title='bbox 896 968 1368 1051; x_wconf 75' lang='lat' dir='ltr'><strong>wenceslaus,</strong></span> <span class='ocrx_word' id='word_1_49' title='bbox 1439 967 1565 1032; x_wconf 89' lang='lat' dir='ltr'><strong>Dei</strong></span> <span class='ocrx_word' id='word_1_50' title='bbox 1628 969 1844 1055; x_wconf 88' lang='lat' dir='ltr'><strong>gratia</strong></span> <span class='ocrx_word' id='word_1_51' title='bbox 1909 990 2028 1033; x_wconf 84' lang='lat' dir='ltr'><strong>rex</strong></span> <span class='ocrx_word' id='word_1_52' title='bbox 2088 969 2444 1035; x_wconf 73' lang='lat' dir='ltr'><strong>Boii-emiae</strong></span> <span class='ocrx_word' id='word_1_53' title='bbox 2503 976 2570 1033; x_wconf 88' lang='lat' dir='ltr'><strong>et</strong></span> <span class='ocrx_word' id='word_1_54' title='bbox 2631 964 2894 1031; x_wconf 85' lang='lat' dir='ltr'><strong>marchio</strong></span> 
     </span>
     <span class='ocr_line' id='line_1_8' title="bbox 545 1053 2893 1143; baseline -0.002 -24"><span class='ocrx_word' id='word_1_55' title='bbox 545 1056 903 1137; x_wconf 85' lang='lat' dir='ltr'><strong>Moraviae,</strong></span> <span class='ocrx_word' id='word_1_56' title='bbox 951 1064 1251 1120; x_wconf 77' lang='lat' dir='ltr'><strong>constare</strong></span> <span class='ocrx_word' id='word_1_57' title='bbox 1294 1055 1602 1120; x_wconf 85' lang='lat' dir='ltr'><strong>volumus</strong></span> <span class='ocrx_word' id='word_1_58' title='bbox 1638 1055 1966 1120; x_wconf 83' lang='lat' dir='ltr'><strong>universis</strong></span> <span class='ocrx_word' id='word_1_59' title='bbox 2009 1064 2424 1142; x_wconf 79' lang='lat' dir='ltr'><strong>praesentem</strong></span> <span class='ocrx_word' id='word_1_60' title='bbox 2468 1056 2773 1143; x_wconf 85' lang='lat' dir='ltr'><strong>paginam</strong></span> <span class='ocrx_word' id='word_1_61' title='bbox 2815 1053 2893 1115; x_wconf 89' lang='lat' dir='ltr'><strong>in-</strong></span> 
     </span>
     <span class='ocr_line' id='line_1_9' title="bbox 547 1138 2895 1228; baseline -0.002 -23"><span class='ocrx_word' id='word_1_62' title='bbox 547 1142 896 1227; x_wconf 83' lang='lat' dir='ltr'><strong>specturis,</strong></span> <span class='ocrx_word' id='word_1_63' title='bbox 942 1141 1119 1228; x_wconf 84' lang='lat' dir='ltr'><strong>quod</strong></span> <span class='ocrx_word' id='word_1_64' title='bbox 1164 1162 1285 1207; x_wconf 85' lang='lat' dir='ltr'><strong>nos</strong></span> <span class='ocrx_word' id='word_1_65' title='bbox 1330 1150 1658 1205; x_wconf 80' lang='lat' dir='ltr'><strong>monetam</strong></span> <span class='ocrx_word' id='word_1_66' title='bbox 1705 1164 1824 1227; x_wconf 86' lang='lat' dir='ltr'><strong>per</strong></span> <span class='ocrx_word' id='word_1_67' title='bbox 1865 1142 2226 1206; x_wconf 82' lang='lat' dir='ltr'><strong>Moraviam</strong></span> <span class='ocrx_word' id='word_1_68' title='bbox 2296 1142 2661 1206; x_wconf 80' lang='lat' dir='ltr'><strong>locavimus</strong></span> <span class='ocrx_word' id='word_1_69' title='bbox 2703 1138 2895 1203; x_wconf 89' lang='lat' dir='ltr'><strong>Tiloni</strong></span> 
     </span>
     <span class='ocr_line' id='line_1_10' title="bbox 546 1226 2896 1313; baseline -0.002 -22"><span class='ocrx_word' id='word_1_70' title='bbox 546 1226 629 1293; x_wconf 86' lang='lat' dir='ltr'><strong>de</strong></span> <span class='ocrx_word' id='word_1_71' title='bbox 674 1228 853 1293; x_wconf 89' lang='lat' dir='ltr'><strong>Brod</strong></span> <span class='ocrx_word' id='word_1_72' title='bbox 886 1227 1285 1313; x_wconf 82' lang='lat' dir='ltr'><strong>Ungaricali,</strong></span> <span class='ocrx_word' id='word_1_73' title='bbox 1333 1227 1693 1293; x_wconf 88' lang='lat' dir='ltr'><strong>Bertholdo</strong></span> <span class='ocrx_word' id='word_1_74' title='bbox 1739 1228 1820 1294; x_wconf 93' lang='lat' dir='ltr'><strong>de</strong></span> <span class='ocrx_word' id='word_1_75' title='bbox 1842 1227 2099 1313; x_wconf 82' lang='lat' dir='ltr'><strong>Iglavia</strong></span> <span class='ocrx_word' id='word_1_76' title='bbox 2144 1238 2210 1295; x_wconf 89' lang='lat' dir='ltr'><strong>et</strong></span> <span class='ocrx_word' id='word_1_77' title='bbox 2230 1227 2458 1303; x_wconf 84' lang='lat' dir='ltr'><strong>Ulrico</strong></span> <span class='ocrx_word' id='word_1_78' title='bbox 2501 1226 2583 1292; x_wconf 88' lang='lat' dir='ltr'><strong>de</strong></span> <span class='ocrx_word' id='word_1_79' title='bbox 2631 1227 2896 1297; x_wconf 83' lang='lat' dir='ltr'><strong>Brunna,</strong></span> 
     </span>
     <span class='ocr_line' id='line_1_11' title="bbox 544 1313 2898 1401; baseline -0.002 -22"><span class='ocrx_word' id='word_1_80' title='bbox 544 1335 693 1379; x_wconf 87' lang='lat' dir='ltr'><strong>cum</strong></span> <span class='ocrx_word' id='word_1_81' title='bbox 734 1313 1007 1400; x_wconf 87' lang='lat' dir='ltr'><strong>judiciis</strong></span> <span class='ocrx_word' id='word_1_82' title='bbox 1069 1314 1602 1401; x_wconf 82' lang='lat' dir='ltr'><strong>Znoymensibus</strong></span> <span class='ocrx_word' id='word_1_83' title='bbox 1662 1324 1727 1379; x_wconf 91' lang='lat' dir='ltr'><strong>et</strong></span> <span class='ocrx_word' id='word_1_84' title='bbox 1785 1313 2268 1399; x_wconf 85' lang='lat' dir='ltr'><strong>Iglaviensibus</strong></span> <span class='ocrx_word' id='word_1_85' title='bbox 2313 1314 2672 1401; x_wconf 85' lang='lat' dir='ltr'><strong>regendam</strong></span> <span class='ocrx_word' id='word_1_86' title='bbox 2720 1321 2784 1377; x_wconf 91' lang='lat' dir='ltr'><strong>et</strong></span> <span class='ocrx_word' id='word_1_87' title='bbox 2819 1319 2898 1374; x_wconf 84' lang='lat' dir='ltr'><strong>te·</strong></span> 
     </span>
     <span class='ocr_line' id='line_1_12' title="bbox 543 1398 2901 1487; baseline -0.002 -23"><span class='ocrx_word' id='word_1_88' title='bbox 543 1400 831 1465; x_wconf 88' lang='lat' dir='ltr'><strong>nendam</strong></span> <span class='ocrx_word' id='word_1_89' title='bbox 878 1422 919 1465; x_wconf 89' lang='lat' dir='ltr'><strong>a</strong></span> <span class='ocrx_word' id='word_1_90' title='bbox 966 1400 1143 1465; x_wconf 89' lang='lat' dir='ltr'><strong>data·</strong></span> <span class='ocrx_word' id='word_1_91' title='bbox 1164 1403 1612 1487; x_wconf 85' lang='lat' dir='ltr'><strong>praesentium</strong></span> <span class='ocrx_word' id='word_1_92' title='bbox 1664 1422 1744 1465; x_wconf 86' lang='lat' dir='ltr'><strong>us</strong></span> <span class='ocrx_word' id='word_1_93' title='bbox 1791 1423 1875 1465; x_wconf 81' lang='lat' dir='ltr'><strong>ue</strong></span> <span class='ocrx_word' id='word_1_94' title='bbox 1899 1402 1990 1481; x_wconf 36' lang='lat' dir='ltr'><strong>ad,</strong></span> <span class='ocrx_word' id='word_1_95' title='bbox 2030 1400 2265 1465; x_wconf 85' lang='lat' dir='ltr'><strong>festum</strong></span> <span class='ocrx_word' id='word_1_96' title='bbox 2311 1400 2488 1467; x_wconf 82' lang='lat' dir='ltr'><strong>beati</strong></span> <span class='ocrx_word' id='word_1_97' title='bbox 2535 1400 2712 1465; x_wconf 83' lang='lat' dir='ltr'><strong>Petri</strong></span> <span class='ocrx_word' id='word_1_98' title='bbox 2757 1398 2838 1485; x_wconf 83' lang='lat' dir='ltr'><strong>(R</strong></span> <span class='ocrx_word' id='word_1_99' title='bbox 2851 1418 2901 1461; x_wconf 90' lang='lat' dir='ltr'><strong>e·</strong></span> 
     </span>
     <span class='ocr_line' id='line_1_13' title="bbox 535 1486 2900 1573; baseline -0 -23"><span class='ocrx_word' id='word_1_100' title='bbox 535 1487 778 1572; x_wconf 89' lang='lat' dir='ltr'><strong>giom.</strong></span> <span class='ocrx_word' id='word_1_101' title='bbox 825 1486 1064 1552; x_wconf 88' lang='lat' dir='ltr'><strong>festum</strong></span> <span class='ocrx_word' id='word_1_102' title='bbox 1113 1488 1586 1573; x_wconf 77' lang='lat' dir='ltr'><strong>purificationis</strong></span> <span class='ocrx_word' id='word_1_103' title='bbox 1646 1488 1722 1551; x_wconf 91' lang='grc' dir='ltr'><strong>Β.</strong></span> <span class='ocrx_word' id='word_1_104' title='bbox 1843 1489 2019 1553; x_wconf 87' lang='lat' dir='ltr'><strong>ariae</strong></span> <span class='ocrx_word' id='word_1_105' title='bbox 2064 1488 2278 1573; x_wconf 88' lang='lat' dir='ltr'><strong>Virg.)</strong></span> <span class='ocrx_word' id='word_1_106' title='bbox 2383 1490 2548 1553; x_wconf 88' lang='lat' dir='ltr'><strong>rimo</strong></span> <span class='ocrx_word' id='word_1_107' title='bbox 2611 1486 2900 1562; x_wconf 69' lang='lat' dir='ltr'><strong>futurum,</strong></span> 
     </span>
     <span class='ocr_line' id='line_1_14' title="bbox 540 1571 2902 1660; baseline -0.003 -22"><span class='ocrx_word' id='word_1_108' title='bbox 540 1582 609 1638; x_wconf 81' lang='lat' dir='ltr'><strong>et</strong></span> <span class='ocrx_word' id='word_1_109' title='bbox 654 1572 740 1637; x_wconf 89' lang='lat' dir='ltr'><strong>ab</strong></span> <span class='ocrx_word' id='word_1_110' title='bbox 788 1574 1019 1638; x_wconf 91' lang='lat' dir='ltr'><strong>eodem</strong></span> <span class='ocrx_word' id='word_1_111' title='bbox 1064 1574 1233 1639; x_wconf 84' lang='lat' dir='ltr'><strong>festo</strong></span> <span class='ocrx_word' id='word_1_112' title='bbox 1279 1594 1486 1659; x_wconf 88' lang='lat' dir='ltr'><strong>usque</strong></span> <span class='ocrx_word' id='word_1_113' title='bbox 1540 1592 1662 1660; x_wconf 81' lang='lat' dir='ltr'><strong>per</strong></span> <span class='ocrx_word' id='word_1_114' title='bbox 1705 1576 1900 1638; x_wconf 85' lang='lat' dir='ltr'><strong>unius</strong></span> <span class='ocrx_word' id='word_1_115' title='bbox 1959 1575 2118 1639; x_wconf 87' lang='lat' dir='ltr'><strong>anni</strong></span> <span class='ocrx_word' id='word_1_116' title='bbox 2165 1577 2342 1639; x_wconf 88' lang='lat' dir='ltr'><strong>circu</strong></span> <span class='ocrx_word' id='word_1_117' title='bbox 2373 1595 2483 1639; x_wconf 89' lang='lat' dir='ltr'><strong>um</strong></span> <span class='ocrx_word' id='word_1_118' title='bbox 2549 1571 2902 1638; x_wconf 82' lang='lat' dir='ltr'><strong>revolutum</strong></span> 
     </span>
     <span class='ocr_line' id='line_1_15' title="bbox 542 1657 2904 1747; baseline -0.001 -24"><span class='ocrx_word' id='word_1_119' title='bbox 542 1660 661 1747; x_wconf 82' lang='lat' dir='ltr'><strong>p&#39;ro</strong></span> <span class='ocrx_word' id='word_1_120' title='bbox 710 1659 889 1725; x_wconf 89' lang='lat' dir='ltr'><strong>mille</strong></span> <span class='ocrx_word' id='word_1_121' title='bbox 933 1660 1201 1724; x_wconf 84' lang='lat' dir='ltr'><strong>talentis</strong></span> <span class='ocrx_word' id='word_1_122' title='bbox 1266 1658 1709 1741; x_wconf 87' lang='lat' dir='ltr'><strong>denariorum,</strong></span> <span class='ocrx_word' id='word_1_123' title='bbox 1779 1660 2034 1725; x_wconf 90' lang='lat' dir='ltr'><strong>duobus</strong></span> <span class='ocrx_word' id='word_1_124' title='bbox 2095 1660 2415 1742; x_wconf 80' lang='lat' dir='ltr'><strong>scarletis,</strong></span> <span class='ocrx_word' id='word_1_125' title='bbox 2475 1657 2740 1723; x_wconf 85' lang='lat' dir='ltr'><strong>duobus</strong></span> <span class='ocrx_word' id='word_1_126' title='bbox 2797 1666 2904 1721; x_wconf 86' lang='lat' dir='ltr'><strong>sta-</strong></span> 
     </span>
     <span class='ocr_line' id='line_1_16' title="bbox 543 1742 2904 1833; baseline -0.002 -24"><span class='ocrx_word' id='word_1_127' title='bbox 543 1746 827 1810; x_wconf 87' lang='lat' dir='ltr'><strong>minibus</strong></span> <span class='ocrx_word' id='word_1_128' title='bbox 875 1745 956 1811; x_wconf 88' lang='lat' dir='ltr'><strong>de</strong></span> <span class='ocrx_word' id='word_1_129' title='bbox 1002 1746 1181 1811; x_wconf 80' lang='lat' dir='ltr'><strong>Gent</strong></span> <span class='ocrx_word' id='word_1_130' title='bbox 1226 1756 1291 1811; x_wconf 89' lang='lat' dir='ltr'><strong>et</strong></span> <span class='ocrx_word' id='word_1_131' title='bbox 1336 1755 1587 1833; x_wconf 86' lang='lat' dir='ltr'><strong>septem</strong></span> <span class='ocrx_word' id='word_1_132' title='bbox 1632 1748 1878 1811; x_wconf 85' lang='lat' dir='ltr'><strong>tunicis</strong></span> <span class='ocrx_word' id='word_1_133' title='bbox 1921 1749 1989 1811; x_wconf 90' lang='lat' dir='ltr'><strong>in</strong></span> <span class='ocrx_word' id='word_1_134' title='bbox 2037 1755 2316 1833; x_wconf 87' lang='lat' dir='ltr'><strong>quatuor</strong></span> <span class='ocrx_word' id='word_1_135' title='bbox 2337 1742 2904 1833; x_wconf 80' lang='lat' dir='ltr'><strong>annitemporibus</strong></span> 
     </span>
     <span class='ocr_line' id='line_1_17' title="bbox 544 1828 2905 1921; baseline -0.002 -26"><span class='ocrx_word' id='word_1_136' title='bbox 544 1832 1021 1919; x_wconf 83' lang='lat' dir='ltr'><strong>persolvendis,</strong></span> <span class='ocrx_word' id='word_1_137' title='bbox 1098 1834 1191 1897; x_wconf 87' lang='lat' dir='ltr'><strong>ita</strong></span> <span class='ocrx_word' id='word_1_138' title='bbox 1264 1834 1441 1918; x_wconf 89' lang='lat' dir='ltr'><strong>quod</strong></span> <span class='ocrx_word' id='word_1_139' title='bbox 1516 1832 1814 1920; x_wconf 88' lang='lat' dir='ltr'><strong>quolibet</strong></span> <span class='ocrx_word' id='word_1_140' title='bbox 1881 1843 2167 1920; x_wconf 86' lang='lat' dir='ltr'><strong>quatuor</strong></span> <span class='ocrx_word' id='word_1_141' title='bbox 2237 1842 2612 1921; x_wconf 85' lang='lat' dir='ltr'><strong>temporum</strong></span> <span class='ocrx_word' id='word_1_142' title='bbox 2691 1828 2800 1897; x_wconf 83' lang='lat' dir='ltr'><strong>CO</strong></span> <span class='ocrx_word' id='word_1_143' title='bbox 2853 1834 2905 1893; x_wconf 88' lang='lat' dir='ltr'><strong>et</strong></span> 
     </span>
     <span class='ocr_line' id='line_1_18' title="bbox 556 1916 2904 2007; baseline -0.001 -26"><span class='ocrx_word' id='word_1_144' title='bbox 556 1919 1039 2007; x_wconf 80' lang='lat' dir='ltr'><strong>quinquaginta</strong></span> <span class='ocrx_word' id='word_1_145' title='bbox 1092 1916 1346 1984; x_wconf 75' lang='lat' dir='ltr'><strong>talenta</strong></span> <span class='ocrx_word' id='word_1_146' title='bbox 1404 1919 1598 1984; x_wconf 87' lang='lat' dir='ltr'><strong>nobis</strong></span> <span class='ocrx_word' id='word_1_147' title='bbox 1665 1920 1921 1985; x_wconf 84' lang='lat' dir='ltr'><strong>solvere</strong></span> <span class='ocrx_word' id='word_1_148' title='bbox 1981 1916 2396 2002; x_wconf 77' lang='lat' dir='ltr'><strong>tenebuntur,</strong></span> <span class='ocrx_word' id='word_1_149' title='bbox 2459 1918 2731 1984; x_wconf 84' lang='lat' dir='ltr'><strong>scarleti</strong></span> <span class='ocrx_word' id='word_1_150' title='bbox 2771 1934 2904 1980; x_wconf 82' lang='lat' dir='ltr'><strong>vero</strong></span> 
     </span>
     <span class='ocr_line' id='line_1_19' title="bbox 554 2003 2906 2093; baseline -0.002 -24"><span class='ocrx_word' id='word_1_151' title='bbox 554 2014 621 2070; x_wconf 89' lang='lat' dir='ltr'><strong>et</strong></span> <span class='ocrx_word' id='word_1_152' title='bbox 667 2004 749 2071; x_wconf 90' lang='lat' dir='ltr'><strong>de</strong></span> <span class='ocrx_word' id='word_1_153' title='bbox 795 2005 975 2070; x_wconf 80' lang='lat' dir='ltr'><strong>Gent</strong></span> <span class='ocrx_word' id='word_1_154' title='bbox 1018 2008 1301 2071; x_wconf 85' lang='lat' dir='ltr'><strong>stamina</strong></span> <span class='ocrx_word' id='word_1_155' title='bbox 1346 2028 1492 2069; x_wconf 86' lang='lat' dir='ltr'><strong>cum</strong></span> <span class='ocrx_word' id='word_1_156' title='bbox 1538 2007 1784 2071; x_wconf 87' lang='lat' dir='ltr'><strong>tunicis</strong></span> <span class='ocrx_word' id='word_1_157' title='bbox 1835 2006 2110 2089; x_wconf 84' lang='lat' dir='ltr'><strong>solvent,</strong></span> <span class='ocrx_word' id='word_1_158' title='bbox 2155 2028 2304 2071; x_wconf 84' lang='lat' dir='ltr'><strong>cum</strong></span> <span class='ocrx_word' id='word_1_159' title='bbox 2350 2026 2472 2093; x_wconf 90' lang='lat' dir='ltr'><strong>per</strong></span> <span class='ocrx_word' id='word_1_160' title='bbox 2513 2026 2640 2070; x_wconf 84' lang='lat' dir='ltr'><strong>nos</strong></span> <span class='ocrx_word' id='word_1_161' title='bbox 2683 2003 2906 2069; x_wconf 86' lang='lat' dir='ltr'><strong>fuerint</strong></span> 
     </span>
     <span class='ocr_line' id='line_1_20' title="bbox 536 2092 852 2158; baseline 0.003 -1"><span class='ocrx_word' id='word_1_162' title='bbox 536 2112 605 2157; x_wconf 85' lang='lat' dir='ltr'><strong>re</strong></span> <span class='ocrx_word' id='word_1_163' title='bbox 654 2092 852 2158; x_wconf 85' lang='lat' dir='ltr'><strong>uisiti.</strong></span> 
     </span>
    </p>

    <p class='ocr_par' dir='ltr' id='par_1_6' title="bbox 532 2112 2902 2351">
     <span class='ocr_line' id='line_1_21' title="bbox 608 2112 2902 2265; baseline -0.001 -24"><span class='ocrx_word' id='word_1_164' title='bbox 608 2112 651 2177; x_wconf 77' lang='lat' dir='ltr'>q</span> <span class='ocrx_word' id='word_1_165' title='bbox 718 2178 915 2243; x_wconf 88' lang='lat' dir='ltr'><strong>Hanc</strong></span> <span class='ocrx_word' id='word_1_166' title='bbox 958 2186 1183 2243; x_wconf 86' lang='lat' dir='ltr'><strong>autem</strong></span> <span class='ocrx_word' id='word_1_167' title='bbox 1228 2185 1559 2243; x_wconf 83' lang='lat' dir='ltr'><strong>monetam</strong></span> <span class='ocrx_word' id='word_1_168' title='bbox 1607 2177 1925 2244; x_wconf 87' lang='lat' dir='ltr'><strong>tenebunt</strong></span> <span class='ocrx_word' id='word_1_169' title='bbox 1985 2188 2078 2244; x_wconf 89' lang='lat' dir='ltr'><strong>et·</strong></span> <span class='ocrx_word' id='word_1_170' title='bbox 2109 2188 2340 2265; x_wconf 85' lang='lat' dir='ltr'><strong>regent</strong></span> <span class='ocrx_word' id='word_1_171' title='bbox 2381 2176 2506 2244; x_wconf 82' lang='lat' dir='ltr'><strong>sub</strong></span> <span class='ocrx_word' id='word_1_172' title='bbox 2542 2175 2812 2263; x_wconf 82' lang='lat' dir='ltr'><strong>juribus</strong></span> <span class='ocrx_word' id='word_1_173' title='bbox 2851 2179 2902 2239; x_wconf 86' lang='lat' dir='ltr'><strong>et</strong></span> 
     </span>
     <span class='ocr_line' id='line_1_22' title="bbox 532 2264 1978 2351; baseline 0.002 -24"><span class='ocrx_word' id='word_1_174' title='bbox 532 2264 1025 2330; x_wconf 88' lang='lat' dir='ltr'><strong>conditionibus</strong></span> <span class='ocrx_word' id='word_1_175' title='bbox 1090 2264 1264 2329; x_wconf 87' lang='lat' dir='ltr'><strong>infra</strong></span> <span class='ocrx_word' id='word_1_176' title='bbox 1306 2266 1589 2351; x_wconf 88' lang='lat' dir='ltr'><strong>scriptis,</strong></span> <span class='ocrx_word' id='word_1_177' title='bbox 1634 2264 1978 2331; x_wconf 86' lang='lat' dir='ltr'><strong>videlicet:</strong></span> 
     </span>
    </p>

    <p class='ocr_par' dir='ltr' id='par_1_7' title="bbox 536 2348 2907 2854">
     <span class='ocr_line' id='line_1_23' title="bbox 725 2348 2907 2437; baseline -0.002 -23"><span class='ocrx_word' id='word_1_178' title='bbox 725 2353 779 2417; x_wconf 90' lang='lat'><strong>1.</strong></span> <span class='ocrx_word' id='word_1_179' title='bbox 825 2350 1020 2433; x_wconf 76' lang='lat' dir='ltr'><strong>Quod</strong></span> <span class='ocrx_word' id='word_1_180' title='bbox 1064 2352 1151 2414; x_wconf 88' lang='lat' dir='ltr'><strong>ad</strong></span> <span class='ocrx_word' id='word_1_181' title='bbox 1195 2372 1479 2416; x_wconf 87' lang='lat' dir='ltr'><strong>marcam</strong></span> <span class='ocrx_word' id='word_1_182' title='bbox 1526 2354 1676 2437; x_wconf 91' lang='lat' dir='ltr'><strong>puri</strong></span> <span class='ocrx_word' id='word_1_183' title='bbox 1745 2354 1999 2437; x_wconf 81' lang='lat' dir='ltr'><strong>argenti</strong></span> <span class='ocrx_word' id='word_1_184' title='bbox 2062 2351 2342 2417; x_wconf 86' lang='lat' dir='ltr'><strong>addetur</strong></span> <span class='ocrx_word' id='word_1_185' title='bbox 2387 2348 2665 2415; x_wconf 81' lang='lat' dir='ltr'><strong>dimidia</strong></span> <span class='ocrx_word' id='word_1_186' title='bbox 2707 2367 2907 2413; x_wconf 85' lang='lat' dir='ltr'><strong>marca</strong></span> 
     </span>
     <span class='ocr_line' id='line_1_24' title="bbox 536 2436 2905 2524; baseline -0.002 -23"><span class='ocrx_word' id='word_1_187' title='bbox 536 2438 743 2523; x_wconf 88' lang='lat' dir='ltr'><strong>cupri,</strong></span> <span class='ocrx_word' id='word_1_188' title='bbox 798 2446 862 2501; x_wconf 90' lang='lat' dir='ltr'><strong>et</strong></span> <span class='ocrx_word' id='word_1_189' title='bbox 910 2438 990 2502; x_wconf 90' lang='lat' dir='ltr'><strong>de</strong></span> <span class='ocrx_word' id='word_1_190' title='bbox 1035 2459 1257 2501; x_wconf 86' lang='lat' dir='ltr'><strong>marca</strong></span> <span class='ocrx_word' id='word_1_191' title='bbox 1298 2438 1678 2524; x_wconf 88' lang='lat' dir='ltr'><strong>hujusmodi</strong></span> <span class='ocrx_word' id='word_1_192' title='bbox 1725 2440 1980 2524; x_wconf 86' lang='lat' dir='ltr'><strong>argenti</strong></span> <span class='ocrx_word' id='word_1_193' title='bbox 2027 2436 2446 2504; x_wconf 78' lang='lat' dir='ltr'><strong>fabricabant</strong></span> <span class='ocrx_word' id='word_1_194' title='bbox 2490 2445 2556 2501; x_wconf 91' lang='lat' dir='ltr'><strong>et</strong></span> <span class='ocrx_word' id='word_1_195' title='bbox 2597 2436 2905 2501; x_wconf 83' lang='lat' dir='ltr'><strong>fabricare</strong></span> 
     </span>
     <span class='ocr_line' id='line_1_25' title="bbox 536 2522 2905 2611; baseline -0.002 -24"><span class='ocrx_word' id='word_1_196' title='bbox 536 2522 936 2589; x_wconf 87' lang='lat' dir='ltr'><strong>tenebuntur</strong></span> <span class='ocrx_word' id='word_1_197' title='bbox 981 2545 1098 2610; x_wconf 86' lang='lat' dir='ltr'><strong>per</strong></span> <span class='ocrx_word' id='word_1_198' title='bbox 1140 2533 1351 2589; x_wconf 90' lang='lat' dir='ltr'><strong>totum</strong></span> <span class='ocrx_word' id='word_1_199' title='bbox 1398 2526 1766 2611; x_wconf 89' lang='lat' dir='ltr'><strong>praesentis</strong></span> <span class='ocrx_word' id='word_1_200' title='bbox 1806 2526 2150 2590; x_wconf 85' lang='lat' dir='ltr'><strong>locationis</strong></span> <span class='ocrx_word' id='word_1_201' title='bbox 2193 2534 2454 2611; x_wconf 87' lang='lat' dir='ltr'><strong>tempus</strong></span> <span class='ocrx_word' id='word_1_202' title='bbox 2502 2522 2635 2589; x_wconf 86' lang='lat' dir='ltr'><strong>duo</strong></span> <span class='ocrx_word' id='word_1_203' title='bbox 2682 2522 2905 2587; x_wconf 80' lang='lat' dir='ltr'><strong>talenta</strong></span> 
     </span>
     <span class='ocr_line' id='line_1_26' title="bbox 537 2606 2902 2698; baseline -0.002 -24"><span class='ocrx_word' id='word_1_204' title='bbox 537 2616 603 2674; x_wconf 96' lang='lat' dir='ltr'><strong>et</strong></span> <span class='ocrx_word' id='word_1_205' title='bbox 652 2609 995 2675; x_wconf 90' lang='lat' dir='ltr'><strong>dimidium</strong></span> <span class='ocrx_word' id='word_1_206' title='bbox 1042 2618 1108 2674; x_wconf 91' lang='lat' dir='ltr'><strong>et</strong></span> <span class='ocrx_word' id='word_1_207' title='bbox 1151 2610 1290 2675; x_wconf 90' lang='lat' dir='ltr'><strong>XII</strong></span> <span class='ocrx_word' id='word_1_208' title='bbox 1335 2611 1676 2691; x_wconf 82' lang='lat' dir='ltr'><strong>denarios3</strong></span> <span class='ocrx_word' id='word_1_209' title='bbox 1723 2611 2042 2698; x_wconf 89' lang='lat' dir='ltr'><strong>quidquid</strong></span> <span class='ocrx_word' id='word_1_210' title='bbox 2091 2620 2306 2677; x_wconf 89' lang='lat' dir='ltr'><strong>autem</strong></span> <span class='ocrx_word' id='word_1_211' title='bbox 2333 2611 2508 2676; x_wconf 84' lang='lat' dir='ltr'><strong>ultra</strong></span> <span class='ocrx_word' id='word_1_212' title='bbox 2551 2608 2684 2675; x_wconf 91' lang='lat' dir='ltr'><strong>hoc</strong></span> <span class='ocrx_word' id='word_1_213' title='bbox 2727 2606 2902 2673; x_wconf 85' lang='lat' dir='ltr'><strong>fabri-</strong></span> 
     </span>
     <span class='ocr_line' id='line_1_27' title="bbox 537 2694 2904 2784; baseline -0.001 -25"><span class='ocrx_word' id='word_1_214' title='bbox 537 2694 797 2760; x_wconf 87' lang='lat' dir='ltr'><strong>cabitur</strong></span> <span class='ocrx_word' id='word_1_215' title='bbox 850 2703 964 2760; x_wconf 88' lang='lat' dir='ltr'><strong>aut</strong></span> <span class='ocrx_word' id='word_1_216' title='bbox 1006 2695 1396 2762; x_wconf 82' lang='lat' dir='ltr'><strong>fabricatum</strong></span> <span class='ocrx_word' id='word_1_217' title='bbox 1445 2700 1788 2764; x_wconf 83' lang='lat' dir='ltr'><strong>inventum</strong></span> <span class='ocrx_word' id='word_1_218' title='bbox 1837 2698 2054 2774; x_wconf 87' lang='lat' dir='ltr'><strong>fuerit,</strong></span> <span class='ocrx_word' id='word_1_219' title='bbox 2113 2718 2230 2784; x_wconf 91' lang='lat' dir='ltr'><strong>pro</strong></span> <span class='ocrx_word' id='word_1_220' title='bbox 2275 2696 2444 2763; x_wconf 87' lang='lat' dir='ltr'><strong>falso</strong></span> <span class='ocrx_word' id='word_1_221' title='bbox 2490 2694 2692 2769; x_wconf 86' lang='lat' dir='ltr'><strong>debet</strong></span> <span class='ocrx_word' id='word_1_222' title='bbox 2736 2712 2904 2783; x_wconf 79' lang='lat' dir='ltr'><strong>opero</strong></span> 
     </span>
     <span class='ocr_line' id='line_1_28' title="bbox 536 2783 2299 2854; baseline 0.001 -6"><span class='ocrx_word' id='word_1_223' title='bbox 536 2804 608 2848; x_wconf 91' lang='lat' dir='ltr'><strong>re</strong></span> <span class='ocrx_word' id='word_1_224' title='bbox 654 2783 847 2847; x_wconf 86' lang='lat' dir='ltr'><strong>utari.</strong></span> <span class='ocrx_word' id='word_1_225' title='bbox 2123 2840 2130 2854; x_wconf 84' lang='grc'>,</span> <span class='ocrx_word' id='word_1_226' title='bbox 2291 2836 2299 2849; x_wconf 77' lang='grc'><strong>..</strong></span> 
     </span>
    </p>

    <p class='ocr_par' dir='ltr' id='par_1_8' title="bbox 535 2803 2907 3647">
     <span class='ocr_line' id='line_1_29' title="bbox 611 2803 2904 2956; baseline -0.002 -22"><span class='ocrx_word' id='word_1_227' title='bbox 611 2803 652 2868; x_wconf 75' lang='lat' dir='ltr'>p</span> <span class='ocrx_word' id='word_1_228' title='bbox 709 2870 769 2935; x_wconf 82' lang='lat'><strong>2.</strong></span> <span class='ocrx_word' id='word_1_229' title='bbox 816 2869 885 2935; x_wconf 86' lang='lat' dir='ltr'><strong>Si</strong></span> <span class='ocrx_word' id='word_1_230' title='bbox 930 2868 1155 2934; x_wconf 86' lang='lat' dir='ltr'><strong>forsan</strong></span> <span class='ocrx_word' id='word_1_231' title='bbox 1214 2871 1508 2956; x_wconf 85' lang='lat' dir='ltr'><strong>magistri</strong></span> <span class='ocrx_word' id='word_1_232' title='bbox 1576 2869 1975 2935; x_wconf 85' lang='lat' dir='ltr'><strong>fabricarum</strong></span> <span class='ocrx_word' id='word_1_233' title='bbox 2038 2870 2144 2935; x_wconf 87' lang='lat' dir='ltr'><strong>vel</strong></span> <span class='ocrx_word' id='word_1_234' title='bbox 2215 2870 2557 2935; x_wconf 86' lang='lat' dir='ltr'><strong>monetarii</strong></span> <span class='ocrx_word' id='word_1_235' title='bbox 2619 2866 2710 2933; x_wconf 89' lang='lat' dir='ltr'><strong>ad</strong></span> <span class='ocrx_word' id='word_1_236' title='bbox 2753 2887 2904 2932; x_wconf 88' lang='lat' dir='ltr'><strong>man·</strong></span> 
     </span>
     <span class='ocr_line' id='line_1_30' title="bbox 539 2955 2905 3042; baseline -0.002 -23"><span class='ocrx_word' id='word_1_237' title='bbox 539 2956 765 3021; x_wconf 88' lang='lat' dir='ltr'><strong>datum</strong></span> <span class='ocrx_word' id='word_1_238' title='bbox 810 2955 1300 3041; x_wconf 88' lang='lat' dir='ltr'><strong>praedictorum</strong></span> <span class='ocrx_word' id='word_1_239' title='bbox 1347 2958 1807 3042; x_wconf 83' lang='lat' dir='ltr'><strong>magistrorum</strong></span> <span class='ocrx_word' id='word_1_240' title='bbox 1871 2966 2178 3023; x_wconf 86' lang='lat' dir='ltr'><strong>monetae</strong></span> <span class='ocrx_word' id='word_1_241' title='bbox 2244 2957 2576 3021; x_wconf 86' lang='lat' dir='ltr'><strong>noluerint</strong></span> <span class='ocrx_word' id='word_1_242' title='bbox 2633 2976 2754 3042; x_wconf 89' lang='lat' dir='ltr'><strong>per</strong></span> <span class='ocrx_word' id='word_1_243' title='bbox 2797 2973 2905 3017; x_wconf 83' lang='lat' dir='ltr'><strong>ma-</strong></span> 
     </span>
     <span class='ocr_line' id='line_1_31' title="bbox 535 3042 2906 3131; baseline -0.002 -25"><span class='ocrx_word' id='word_1_244' title='bbox 535 3042 742 3108; x_wconf 88' lang='lat' dir='ltr'><strong>litiam</strong></span> <span class='ocrx_word' id='word_1_245' title='bbox 789 3042 921 3117; x_wconf 59' lang='lat' dir='ltr'><strong>vel,</strong></span> <span class='ocrx_word' id='word_1_246' title='bbox 956 3044 1325 3128; x_wconf 87' lang='lat' dir='ltr'><strong>captionem</strong></span> <span class='ocrx_word' id='word_1_247' title='bbox 1390 3044 1680 3131; x_wconf 79' lang='lat' dir='ltr'><strong>aliquam</strong></span> <span class='ocrx_word' id='word_1_248' title='bbox 1742 3044 2048 3109; x_wconf 88' lang='lat' dir='ltr'><strong>denarios</strong></span> <span class='ocrx_word' id='word_1_249' title='bbox 2112 3042 2456 3125; x_wconf 87' lang='lat' dir='ltr'><strong>fabricare,</strong></span> <span class='ocrx_word' id='word_1_250' title='bbox 2503 3042 2810 3108; x_wconf 87' lang='lat' dir='ltr'><strong>volumus</strong></span> <span class='ocrx_word' id='word_1_251' title='bbox 2849 3044 2906 3101; x_wconf 81' lang='lat' dir='ltr'><strong>nt</strong></span> 
     </span>
     <span class='ocr_line' id='line_1_32' title="bbox 541 3129 2905 3231; baseline -0.002 -38"><span class='ocrx_word' id='word_1_252' title='bbox 541 3129 905 3194; x_wconf 85' lang='lat' dir='ltr'><strong>secundum</strong></span> <span class='ocrx_word' id='word_1_253' title='bbox 966 3130 1291 3215; x_wconf 82' lang='lat' dir='ltr'><strong>justitiam</strong></span> <span class='ocrx_word' id='word_1_254' title='bbox 1364 3152 1479 3216; x_wconf 89' lang='lat' dir='ltr'><strong>per</strong></span> <span class='ocrx_word' id='word_1_255' title='bbox 1548 3131 1980 3197; x_wconf 86' lang='lat' dir='ltr'><strong>camerarium</strong></span> <span class='ocrx_word' id='word_1_256' title='bbox 2043 3130 2400 3209; x_wconf 65' lang='lat' dir='ltr'><strong>Hormiae,</strong></span> <span class='ocrx_word' id='word_1_257' title='bbox 2491 3130 2545 3195; x_wconf 86' lang='lat' dir='ltr'><strong>si</strong></span> <span class='ocrx_word' id='word_1_258' title='bbox 2613 3145 2905 3231; x_wconf 73' lang='lat' dir='ltr'><strong>praesens</strong></span> 
     </span>
     <span class='ocr_line' id='line_1_33' title="bbox 536 3212 2904 3302; baseline -0.003 -21"><span class='ocrx_word' id='word_1_259' title='bbox 536 3214 751 3297; x_wconf 83' lang='lat' dir='ltr'><strong>fuerit,</strong></span> <span class='ocrx_word' id='word_1_260' title='bbox 790 3214 903 3290; x_wconf 59' lang='lat' dir='ltr'><strong>vel</strong></span> <span class='ocrx_word' id='word_1_261' title='bbox 950 3237 1069 3301; x_wconf 89' lang='lat' dir='ltr'><strong>per</strong></span> <span class='ocrx_word' id='word_1_262' title='bbox 1090 3218 1375 3282; x_wconf 85' lang='lat' dir='ltr'><strong>civitatis</strong></span> <span class='ocrx_word' id='word_1_263' title='bbox 1412 3216 1711 3302; x_wconf 89' lang='lat' dir='ltr'><strong>judicem</strong></span> <span class='ocrx_word' id='word_1_264' title='bbox 1758 3217 1845 3282; x_wconf 87' lang='lat' dir='ltr'><strong>ad</strong></span> <span class='ocrx_word' id='word_1_265' title='bbox 1895 3217 2358 3282; x_wconf 86' lang='lat' dir='ltr'><strong>monetandum</strong></span> <span class='ocrx_word' id='word_1_266' title='bbox 2405 3212 2712 3284; x_wconf 82' lang='lat' dir='ltr'><strong>denarios</strong></span> <span class='ocrx_word' id='word_1_267' title='bbox 2757 3234 2904 3279; x_wconf 88' lang='lat' dir='ltr'><strong>com·</strong></span> 
     </span>
     <span class='ocr_line' id='line_1_34' title="bbox 542 3298 2907 3389; baseline -0.002 -22"><span class='ocrx_word' id='word_1_268' title='bbox 542 3300 893 3388; x_wconf 83' lang='lat' dir='ltr'><strong>pellantur,</strong></span> <span class='ocrx_word' id='word_1_269' title='bbox 938 3312 1004 3367; x_wconf 89' lang='lat' dir='ltr'><strong>et</strong></span> <span class='ocrx_word' id='word_1_270' title='bbox 1048 3302 1223 3388; x_wconf 88' lang='lat' dir='ltr'><strong>quod</strong></span> <span class='ocrx_word' id='word_1_271' title='bbox 1266 3303 1489 3369; x_wconf 83' lang='lat' dir='ltr'><strong>nullus</strong></span> <span class='ocrx_word' id='word_1_272' title='bbox 1534 3326 1620 3368; x_wconf 85' lang='lat' dir='ltr'><strong>ex</strong></span> <span class='ocrx_word' id='word_1_273' title='bbox 1665 3306 1759 3369; x_wconf 89' lang='lat' dir='ltr'><strong>eis</strong></span> <span class='ocrx_word' id='word_1_274' title='bbox 1804 3303 2094 3389; x_wconf 87' lang='lat' dir='ltr'><strong>gladium</strong></span> <span class='ocrx_word' id='word_1_275' title='bbox 2157 3303 2522 3388; x_wconf 85' lang='lat' dir='ltr'><strong>fixoralem,</strong></span> <span class='ocrx_word' id='word_1_276' title='bbox 2586 3298 2907 3367; x_wconf 79' lang='lat' dir='ltr'><strong>cultellum</strong></span> 
     </span>
     <span class='ocr_line' id='line_1_35' title="bbox 540 3385 2906 3479; baseline -0.001 -28"><span class='ocrx_word' id='word_1_277' title='bbox 540 3387 646 3453; x_wconf 85' lang='lat' dir='ltr'><strong>vel</strong></span> <span class='ocrx_word' id='word_1_278' title='bbox 692 3387 914 3474; x_wconf 88' lang='lat' dir='ltr'><strong>aliqua</strong></span> <span class='ocrx_word' id='word_1_279' title='bbox 958 3410 1141 3453; x_wconf 87' lang='lat' dir='ltr'><strong>arma</strong></span> <span class='ocrx_word' id='word_1_280' title='bbox 1186 3398 1447 3477; x_wconf 86' lang='lat' dir='ltr'><strong>portare</strong></span> <span class='ocrx_word' id='word_1_281' title='bbox 1494 3391 1561 3454; x_wconf 86' lang='lat' dir='ltr'><strong>in</strong></span> <span class='ocrx_word' id='word_1_282' title='bbox 1589 3392 1874 3471; x_wconf 86' lang='lat' dir='ltr'><strong>domum,</strong></span> <span class='ocrx_word' id='word_1_283' title='bbox 1919 3392 1987 3453; x_wconf 93' lang='lat' dir='ltr'><strong>in</strong></span> <span class='ocrx_word' id='word_1_284' title='bbox 2029 3412 2159 3479; x_wconf 88' lang='lat' dir='ltr'><strong>qua</strong></span> <span class='ocrx_word' id='word_1_285' title='bbox 2189 3388 2600 3455; x_wconf 82' lang='lat' dir='ltr'><strong>fabricantur</strong></span> <span class='ocrx_word' id='word_1_286' title='bbox 2647 3385 2906 3461; x_wconf 83' lang='lat' dir='ltr'><strong>denarii,</strong></span> 
     </span>
     <span class='ocr_line' id='line_1_36' title="bbox 538 3472 2906 3563; baseline -0.001 -26"><span class='ocrx_word' id='word_1_287' title='bbox 538 3472 777 3539; x_wconf 85' lang='lat' dir='ltr'><strong>audeat</strong></span> <span class='ocrx_word' id='word_1_288' title='bbox 819 3473 927 3537; x_wconf 86' lang='lat' dir='ltr'><strong>vel</strong></span> <span class='ocrx_word' id='word_1_289' title='bbox 973 3484 1350 3561; x_wconf 86' lang='lat' dir='ltr'><strong>praesumat</strong></span> <span class='ocrx_word' id='word_1_290' title='bbox 1396 3476 1537 3541; x_wconf 77' lang='lat' dir='ltr'><strong>sine</strong></span> <span class='ocrx_word' id='word_1_291' title='bbox 1600 3478 2058 3563; x_wconf 86' lang='lat' dir='ltr'><strong>magistrorum</strong></span> <span class='ocrx_word' id='word_1_292' title='bbox 2119 3485 2424 3541; x_wconf 86' lang='lat' dir='ltr'><strong>monetae</strong></span> <span class='ocrx_word' id='word_1_293' title='bbox 2467 3474 2734 3541; x_wconf 89' lang='lat' dir='ltr'><strong>licentia</strong></span> <span class='ocrx_word' id='word_1_294' title='bbox 2779 3492 2906 3559; x_wconf 84' lang='lat' dir='ltr'><strong>spe·</strong></span> 
     </span>
     <span class='ocr_line' id='line_1_37' title="bbox 545 3560 2906 3647; baseline -0.003 -20"><span class='ocrx_word' id='word_1_295' title='bbox 545 3560 715 3627; x_wconf 87' lang='lat' dir='ltr'><strong>ciali.</strong></span> <span class='ocrx_word' id='word_1_296' title='bbox 762 3560 830 3625; x_wconf 89' lang='lat' dir='ltr'><strong>Si</strong></span> <span class='ocrx_word' id='word_1_297' title='bbox 879 3563 1023 3647; x_wconf 88' lang='lat' dir='ltr'><strong>quis</strong></span> <span class='ocrx_word' id='word_1_298' title='bbox 1068 3584 1290 3629; x_wconf 87' lang='lat' dir='ltr'><strong>eorum</strong></span> <span class='ocrx_word' id='word_1_299' title='bbox 1344 3565 1820 3647; x_wconf 81' lang='lat' dir='ltr'><strong>contrafecerit,</strong></span> <span class='ocrx_word' id='word_1_300' title='bbox 1865 3564 1933 3628; x_wconf 92' lang='lat' dir='ltr'><strong>in</strong></span> <span class='ocrx_word' id='word_1_301' title='bbox 1959 3563 2184 3629; x_wconf 88' lang='lat' dir='ltr'><strong>decem</strong></span> <span class='ocrx_word' id='word_1_302' title='bbox 2214 3561 2480 3635; x_wconf 84' lang='lat' dir='ltr'><strong>talentis</strong></span> <span class='ocrx_word' id='word_1_303' title='bbox 2505 3562 2906 3627; x_wconf 88' lang='lat' dir='ltr'><strong>denariorum</strong></span> 
     </span>
    </p>
   </div>
   <div class='ocr_carea' id='block_1_5' title="bbox 482 3648 1764 3749">
    <p class='ocr_par' dir='ltr' id='par_1_9' title="bbox 482 3648 1764 3749">
     <span class='ocr_line' id='line_1_38' title="bbox 482 3648 1764 3749; baseline 0.002 -38"><span class='ocrx_word' id='word_1_304' title='bbox 482 3664 484 3667; x_wconf 53' lang='lat'><em>⁴</em></span> <span class='ocrx_word' id='word_1_305' title='bbox 540 3669 661 3741; x_wconf 85' lang='lat' dir='ltr'><strong>pro</strong></span> <span class='ocrx_word' id='word_1_306' title='bbox 707 3648 1189 3749; x_wconf 38' lang='lat' dir='ltr'><strong>vice-qualibet</strong></span> <span class='ocrx_word' id='word_1_307' title='bbox 1234 3650 1764 3719; x_wconf 80' lang='lat' dir='ltr'><strong>condemnetur.·</strong></span> 
     </span>
    </p>
   </div>
   <div class='ocr_carea' id='block_1_6' title="bbox 534 3732 2914 4431">
    <p class='ocr_par' dir='ltr' id='par_1_10' title="bbox 534 3732 2914 4431">
     <span class='ocr_line' id='line_1_39' title="bbox 713 3732 2914 3823; baseline -0.003 -24"><span class='ocrx_word' id='word_1_308' title='bbox 713 3736 775 3799; x_wconf 71' lang='lat'><strong>3:</strong></span> <span class='ocrx_word' id='word_1_309' title='bbox 818 3734 891 3800; x_wconf 65' lang='lat' dir='ltr'><strong>Sa</strong></span> <span class='ocrx_word' id='word_1_310' title='bbox 934 3736 1127 3799; x_wconf 87' lang='lat' dir='ltr'><strong>etia-m</strong></span> <span class='ocrx_word' id='word_1_311' title='bbox 1175 3734 1417 3823; x_wconf 83' lang='lat' dir='ltr'><strong>aliquis</strong></span> <span class='ocrx_word' id='word_1_312' title='bbox 1462 3738 1970 3801; x_wconf 88' lang='lat' dir='ltr'><strong>monetariorum</strong></span> <span class='ocrx_word' id='word_1_313' title='bbox 2017 3736 2126 3800; x_wconf 82' lang='lat' dir='ltr'><strong>vel</strong></span> <span class='ocrx_word' id='word_1_314' title='bbox 2173 3734 2572 3799; x_wconf 87' lang='lat' dir='ltr'><strong>fabricarum</strong></span> <span class='ocrx_word' id='word_1_315' title='bbox 2619 3732 2914 3819; x_wconf 81' lang='lat' dir='ltr'><strong>magister</strong></span> 
     </span>
     <span class='ocr_line' id='line_1_40' title="bbox 539 3819 2909 3911; baseline -0.002 -26"><span class='ocrx_word' id='word_1_316' title='bbox 539 3819 647 3886; x_wconf 82' lang='lat' dir='ltr'><strong>vel</strong></span> <span class='ocrx_word' id='word_1_317' title='bbox 692 3820 953 3902; x_wconf 88' lang='lat' dir='ltr'><strong>nobilis,</strong></span> <span class='ocrx_word' id='word_1_318' title='bbox 997 3820 1104 3886; x_wconf 85' lang='lat' dir='ltr'><strong>vel</strong></span> <span class='ocrx_word' id='word_1_319' title='bbox 1151 3823 1525 3911; x_wconf 84' lang='lat' dir='ltr'><strong>quicunque</strong></span> <span class='ocrx_word' id='word_1_320' title='bbox 1569 3822 1757 3907; x_wconf 88' lang='lat' dir='ltr'><strong>alter,</strong></span> <span class='ocrx_word' id='word_1_321' title='bbox 1815 3825 2266 3909; x_wconf 88' lang='lat' dir='ltr'><strong>cujuscunque</strong></span> <span class='ocrx_word' id='word_1_322' title='bbox 2324 3820 2742 3901; x_wconf 87' lang='lat' dir='ltr'><strong>conditionis,</strong></span> <span class='ocrx_word' id='word_1_323' title='bbox 2783 3819 2909 3883; x_wconf 80' lang='lat' dir='ltr'><strong>sive</strong></span> 
     </span>
     <span class='ocr_line' id='line_1_41' title="bbox 539 3907 2904 3997; baseline -0.003 -24"><span class='ocrx_word' id='word_1_324' title='bbox 539 3908 721 3994; x_wconf 88' lang='lat' dir='ltr'><strong>prius</strong></span> <span class='ocrx_word' id='word_1_325' title='bbox 766 3916 1113 3976; x_wconf 85' lang='lat' dir='ltr'><strong>accusatus</strong></span> <span class='ocrx_word' id='word_1_326' title='bbox 1160 3910 1243 3974; x_wconf 90' lang='lat' dir='ltr'><strong>de</strong></span> <span class='ocrx_word' id='word_1_327' title='bbox 1285 3908 1453 3974; x_wconf 86' lang='lat' dir='ltr'><strong>falso</strong></span> <span class='ocrx_word' id='word_1_328' title='bbox 1501 3909 1605 3975; x_wconf 85' lang='lat' dir='ltr'><strong>vel</strong></span> <span class='ocrx_word' id='word_1_329' title='bbox 1651 3910 2056 3997; x_wconf 85' lang='lat' dir='ltr'><strong>proscriptus</strong></span> <span class='ocrx_word' id='word_1_330' title='bbox 2106 3908 2254 3991; x_wconf 77' lang='lat' dir='ltr'><strong>fuit,</strong></span> <span class='ocrx_word' id='word_1_331' title='bbox 2318 3907 2428 3974; x_wconf 83' lang='lat' dir='ltr'><strong>vel</strong></span> <span class='ocrx_word' id='word_1_332' title='bbox 2469 3908 2539 3976; x_wconf 81' lang='lat' dir='ltr'><strong>in</strong></span> <span class='ocrx_word' id='word_1_333' title='bbox 2583 3915 2904 3993; x_wconf 80' lang='lat' dir='ltr'><strong>posterum</strong></span> 
     </span>
     <span class='ocr_line' id='line_1_42' title="bbox 540 3994 2912 4085; baseline -0.002 -26"><span class='ocrx_word' id='word_1_334' title='bbox 540 4002 901 4059; x_wconf 73' lang='lat' dir='ltr'><strong>accusatus·</strong></span> <span class='ocrx_word' id='word_1_335' title='bbox 927 3994 1163 4077; x_wconf 65' lang='lat' dir='ltr'><strong>fuerit,</strong></span> <span class='ocrx_word' id='word_1_336' title='bbox 1188 3996 1511 4079; x_wconf 73' lang='lat' dir='ltr'><strong>volumus,</strong></span> <span class='ocrx_word' id='word_1_337' title='bbox 1558 3998 1736 4085; x_wconf 89' lang='lat' dir='ltr'><strong>quod</strong></span> <span class='ocrx_word' id='word_1_338' title='bbox 1783 3997 1863 4062; x_wconf 86' lang='lat' dir='ltr'><strong>de</strong></span> <span class='ocrx_word' id='word_1_339' title='bbox 1917 3998 2060 4082; x_wconf 83' lang='lat' dir='ltr'><strong>ipso</strong></span> <span class='ocrx_word' id='word_1_340' title='bbox 2098 3996 2216 4060; x_wconf 80' lang='lat' dir='ltr'><strong>fiat</strong></span> <span class='ocrx_word' id='word_1_341' title='bbox 2259 3994 2587 4081; x_wconf 86' lang='lat' dir='ltr'><strong>magistris</strong></span> <span class='ocrx_word' id='word_1_342' title='bbox 2625 3997 2912 4057; x_wconf 75' lang='lat' dir='ltr'><strong>monetae</strong></span> 
     </span>
     <span class='ocr_line' id='line_1_43' title="bbox 534 4078 2912 4171; baseline -0.001 -28"><span class='ocrx_word' id='word_1_343' title='bbox 534 4080 815 4165; x_wconf 80' lang='lat' dir='ltr'><strong>justitia,</strong></span> <span class='ocrx_word' id='word_1_344' title='bbox 828 4098 845 4110; x_wconf 85' lang='lat'><strong>·‘</strong></span> <span class='ocrx_word' id='word_1_345' title='bbox 858 4082 971 4157; x_wconf 86' lang='lat' dir='ltr'><strong>ita,</strong></span> <span class='ocrx_word' id='word_1_346' title='bbox 1016 4081 1192 4168; x_wconf 88' lang='lat' dir='ltr'><strong>quod</strong></span> <span class='ocrx_word' id='word_1_347' title='bbox 1214 4103 1365 4148; x_wconf 80' lang='lat' dir='ltr'><strong>rens</strong></span> <span class='ocrx_word' id='word_1_348' title='bbox 1388 4085 1770 4170; x_wconf 75' lang='lat' dir='ltr'><strong>pecuniario</strong></span> <span class='ocrx_word' id='word_1_349' title='bbox 1799 4084 2147 4171; x_wconf 83' lang='lat' dir='ltr'><strong>puniatur3</strong></span> <span class='ocrx_word' id='word_1_350' title='bbox 2199 4078 2570 4145; x_wconf 86' lang='lat' dir='ltr'><strong>inhibentes</strong></span> <span class='ocrx_word' id='word_1_351' title='bbox 2594 4097 2912 4165; x_wconf 82' lang='lat' dir='ltr'><strong>expresse,</strong></span> 
     </span>
     <span class='ocr_line' id='line_1_44' title="bbox 552 4166 2911 4257; baseline -0.001 -29"><span class='ocrx_word' id='word_1_352' title='bbox 552 4168 637 4229; x_wconf 75' lang='lat' dir='ltr'><strong>&#39;ne</strong></span> <span class='ocrx_word' id='word_1_353' title='bbox 683 4167 827 4251; x_wconf 89' lang='lat' dir='ltr'><strong>quis</strong></span> <span class='ocrx_word' id='word_1_354' title='bbox 872 4166 1154 4255; x_wconf 83' lang='lat' dir='ltr'><strong>aliquem</strong></span> <span class='ocrx_word' id='word_1_355' title='bbox 1200 4170 1531 4251; x_wconf 85' lang='lat' dir='ltr'><strong>infamem,</strong></span> <span class='ocrx_word' id='word_1_356' title='bbox 1595 4170 1704 4257; x_wconf 88' lang='lat' dir='ltr'><strong>qui</strong></span> <span class='ocrx_word' id='word_1_357' title='bbox 1751 4172 1914 4235; x_wconf 89' lang='lat' dir='ltr'><strong>sciat</strong></span> <span class='ocrx_word' id='word_1_358' title='bbox 1956 4168 2280 4236; x_wconf 86' lang='lat' dir='ltr'><strong>fabricare</strong></span> <span class='ocrx_word' id='word_1_359' title='bbox 2342 4167 2662 4247; x_wconf 88' lang='lat' dir='ltr'><strong>denarios,</strong></span> <span class='ocrx_word' id='word_1_360' title='bbox 2711 4169 2911 4231; x_wconf 82' lang='lat' dir='ltr'><strong>servet</strong></span> 
     </span>
     <span class='ocr_line' id='line_1_45' title="bbox 546 4251 2908 4343; baseline -0.002 -26"><span class='ocrx_word' id='word_1_361' title='bbox 546 4251 654 4320; x_wconf 88' lang='lat' dir='ltr'><strong>vel</strong></span> <span class='ocrx_word' id='word_1_362' title='bbox 697 4260 960 4318; x_wconf 86' lang='lat' dir='ltr'><strong>tueatur</strong></span> <span class='ocrx_word' id='word_1_363' title='bbox 1001 4256 1069 4319; x_wconf 91' lang='lat' dir='ltr'><strong>in</strong></span> <span class='ocrx_word' id='word_1_364' title='bbox 1123 4256 1315 4322; x_wconf 89' lang='lat' dir='ltr'><strong>domo</strong></span> <span class='ocrx_word' id='word_1_365' title='bbox 1359 4280 1499 4339; x_wconf 89' lang='lat' dir='ltr'><strong>sua,</strong></span> <span class='ocrx_word' id='word_1_366' title='bbox 1545 4256 1662 4323; x_wconf 87' lang='lat' dir='ltr'><strong>sed</strong></span> <span class='ocrx_word' id='word_1_367' title='bbox 1707 4256 2032 4339; x_wconf 88' lang='lat' dir='ltr'><strong>volumus,</strong></span> <span class='ocrx_word' id='word_1_368' title='bbox 2091 4255 2267 4343; x_wconf 85' lang='lat' dir='ltr'><strong>quod</strong></span> <span class='ocrx_word' id='word_1_369' title='bbox 2291 4255 2394 4323; x_wconf 80' lang='lat' dir='ltr'><strong>ad</strong></span> <span class='ocrx_word' id='word_1_370' title='bbox 2438 4252 2908 4341; x_wconf 84' lang='lat' dir='ltr'><strong>requisitionem</strong></span> 
     </span>
     <span class='ocr_line' id='line_1_46' title="bbox 547 4338 2908 4431; baseline -0.003 -26"><span class='ocrx_word' id='word_1_371' title='bbox 547 4338 1003 4425; x_wconf 80' lang='lat' dir='ltr'><strong>magistrorum</strong></span> <span class='ocrx_word' id='word_1_372' title='bbox 1060 4352 1385 4408; x_wconf 84' lang='lat' dir='ltr'><strong>monetae·</strong></span> <span class='ocrx_word' id='word_1_373' title='bbox 1413 4345 1620 4431; x_wconf 84' lang='lat' dir='ltr'><strong>jurati</strong></span> <span class='ocrx_word' id='word_1_374' title='bbox 1677 4352 1764 4407; x_wconf 85' lang='lat' dir='ltr'><strong>et·</strong></span> <span class='ocrx_word' id='word_1_375' title='bbox 1788 4343 2008 4425; x_wconf 57' lang='lat' dir='ltr'><strong>judex</strong></span> <span class='ocrx_word' id='word_1_376' title='bbox 2065 4342 2351 4407; x_wconf 59' lang='lat' dir='ltr'><strong>civitatis</strong></span> <span class='ocrx_word' id='word_1_377' title='bbox 2392 4340 2733 4427; x_wconf 79' lang='lat' dir='ltr'><strong>expellant</strong></span> <span class='ocrx_word' id='word_1_378' title='bbox 2775 4354 2908 4403; x_wconf 84' lang='lat' dir='ltr'><strong>eum</strong></span> 
     </span>
    </p>
   </div>
   <div class='ocr_carea' id='block_1_7' title="bbox 3070 2666 3090 2978">
    <p class='ocr_par' dir='ltr' id='par_1_11' title="bbox 3070 2666 3090 2978">
     <span class='ocr_line' id='line_1_47' title="bbox 3070 2666 3090 2978; textangle 90"><span class='ocrx_word' id='word_1_379' title='bbox 3070 2826 3090 2978; x_wconf 40' lang='lat' dir='ltr'><strong>&#39;‘Q—§25⁴</strong></span> <span class='ocrx_word' id='word_1_380' title='bbox 3082 2800 3084 2811; x_wconf 69' lang='lat'><em>„</em></span> <span class='ocrx_word' id='word_1_381' title='bbox 3088 2760 3089 2763; x_wconf 60' lang='lat'><em>„</em></span> <span class='ocrx_word' id='word_1_382' title='bbox 3088 2700 3089 2706; x_wconf 29' lang='lat'><em>⁴</em></span> <span class='ocrx_word' id='word_1_383' title='bbox 3088 2666 3089 2677; x_wconf 24' lang='grc' dir='ltr'><strong>Α</strong></span> 
     </span>
    </p>
   </div>
  </div>
 </body>
</html>
