3150 5017
1514 315 1986 384 -192-

565 505 633 562 et
672 494 1051 560 lancravius
1110 491 1412 576 Hassyae
1469 490 1577 556 vel
1639 492 1694 554 si

568 602 791 647 eorum
837 579 1025 665 copia
1069 576 1293 642 haberi
1336 597 1469 641 non
1562 583 1692 640 ote·-

567 669 673 749 rit,
718 666 1006 730 omnium
1051 663 1145 727 hii
1203 662 1285 727 de
1345 685 1501 748 prae
1552 663 1698 727 ictis

566 753 674 819 vel
719 751 850 832 alii,
897 771 1065 836 quos
1110 749 1382 834 praefati
1430 748 1690 813 Olomu·

568 838 782 903 censis
849 839 1194 922 episcopus
1252 843 1318 898 et
1382 833 1695 917 purchra-

563 925 712 989 vius
780 921 861 987 de
948 919 1337 986 Nurnberch
1398 923 1484 986 ad
1572 921 1698 985 hoc

566 1009 921 1094 elegerint,
967 1009 1139 1072 inter
1168 1029 1287 1072 nos
1347 1017 1413 1073 et
1473 1028 1696 1092 regem

565 1093 932 1181 praefatum
995 1093 1331 1158 dominum
1374 1102 1694 1174 nostrum,

565 1181 741 1246 infra
800 1181 1166 1266 proximum
1225 1179 1464 1245 festum
1541 1177 1694 1243 bea-

565 1269 617 1332 ti
704 1264 1047 1330 Michaelis
1121 1287 1239 1350 pro
1348 1263 1695 1330 solidanda

561 1353 817 1418 firmius
848 1354 1020 1416 inter
1042 1350 1373 1416 dominum
1400 1359 1693 1416 nostrum

567 1447 635 1503 et
677 1459 799 1502 nos
845 1437 1232 1503 concordiae
1276 1439 1520 1502 unione
1566 1445 1694 1500 sta-

574 1525 825 1589 tuerint
880 1523 989 1590 vel
1066 1523 1497 1605 decreverint,
1586 1523 1698 1587 bo-

571 1632 663 1674 na
722 1608 852 1674 fide
901 1608 1309 1674 servabimus
1358 1611 1710 1675 inconcus-

568 1717 733 1761 sum.
809 1695 1350 1760 Pronuntiatione
1394 1717 1552 1762 vero
1613 1695 1700 1762 ab

568 1782 732 1867 ipsis
791 1778 1201 1867 principibus
1259 1783 1431 1846 inter
1497 1780 1701 1848 domi-

567 1889 727 1932 num
792 1876 1086 1932 nostrum
1172 1876 1239 1931 et
1323 1889 1445 1932 nos
1507 1868 1700 1950 facta,

552 1953 886 2018 ‚dictorum
932 1951 1386 2019 Olomucensis
1410 1954 1701 2041 episcopi

564 2049 631 2106 ot
673 2039 1048 2128 purchravii
1094 2042 1445 2106 auctoritas
1490 2050 1555 2106 et
1590 2043 1700 2126 ju-

564 2127 856 2192 risdictio
914 2126 1294 2214 exspirabit.

591 2227 617 2247 ·’
736 2212 933 2294 Quod
985 2221 1205 2278 autem
1251 2213 1415 2278 haec
1475 2213 1698 2278 omnia

566 2307 633 2365 et
676 2297 937 2384 singula
980 2321 1179 2386 supra
1221 2301 1348 2364 scri
1394 2307 1465 2363 ta
1493 2298 1698 2365 domi-

566 2405 693 2450 nus
752 2393 979 2449 noster
1036 2394 1103 2451 et
1160 2407 1282 2450 nos
1389 2386 1698 2451 obeamus

566 2470 1040 2538 inviolabiliter
1095 2470 1481 2554 observare,
1542 2471 1700 2536 Olo-

569 2557 904 2621 mucensis
948 2579 984 2623 e
1032 2557 1315 2643 iscopus,
1359 2557 1597 2643 Zmylo
1639 2563 1704 2622 et

571 2643 885 2728 magister
1074 2644 1249 2709 ricus
1356 2644 1701 2730 praedicti,

574 2749 695 2812 pro
740 2728 929 2792 nobis
973 2749 1058 2795 ex
1102 2727 1412 2796 mandato
1456 2738 1699 2810 nostro,

569 2814 1004 2900 purchravius
1076 2837 1235 2881 vero
1308 2835 1505 2902 super
1576 2815 1702 2880 hoc

568 2901 837 2988 plenum
880 2900 1133 2966 habens
1179 2902 1584 2984 mandatum,
1630 2903 1696 2965 in

567 2988 854 3052 animam
930 2986 1176 3052 domini
1249 2990 1455 3054 nostri
1526 2989 1702 3073 regis

569 3072 699 3138 fide
746 3073 899 3140 data
942 3073 1421 3161 sollemptniter
1453 3075 1700 3161 promi-

569 3167 815 3224 serunt.

739 3246 821 3310 In
867 3268 1141 3333 quorum
1174 3248 1622 3312 testimonium
1638 3253 1702 3311 et

568 3333 1339 3417 perpetuamfirmitatem
1372 3333 1700 3419 praesenti

567 3420 811 3504 scripto
857 3418 1074 3504 sigilla
1134 3428 1359 3484 nostra
1404 3421 1699 3504 antiqua,

568 3525 719 3567 cum
770 3526 955 3570 nova
1024 3505 1317 3570 nondum
1390 3502 1703 3570 fabricari

566 3590 945 3666 fecerimuS,
1035 3591 1427 3677 apponenda
1514 3591 1702 3655 duxi-

568 3697 733 3756 mus,
800 3684 1241 3762 protestantes
1263 3727 1278 3758 ‚
1361 3677 1537 3762 quod
1618 3698 1704 3741 ex

567 3762 715 3826 aliis
773 3761 983 3827 titulis
1042 3764 1111 3827 in
1192 3762 1420 3827 eodem
1483 3761 1701 3848 sigillo

566 3851 911 3927 contentis,
955 3858 1216 3936 praeter
1256 3848 1485 3914 titulos
1514 3851 1702 3934 regni

564 3932 873 4000 Boemiae
918 3944 983 3999 et
1026 3935 1516 4002 marchionatus
1552 3935 1700 4000 Mo-

476 4021 479 4024 ’
565 4021 787 4084 raviae
867 4020 1031 4086 nihil
1105 4024 1273 4106 juris
1352 4043 1699 4108 possumus

567 4106 757 4170 nobis
776 4117 891 4171 aut
904 4107 1307 4173 intendimus
1323 4109 1697 4174 vendicare.

737 4191 984 4258 Datum
1028 4194 1700 4282 ViennaepridieNo-

564 4296 685 4342 nas
730 4278 913 4364 Maii,
944 4279 1316 4346 'indictione
1380 4281 1458 4363 V,
1520 4302 1696 4347 anno

564 4363 832 4430 Domini
878 4364 1259 4431 MOOLXX
1305 4370 1604 4453 septimo.

1800 490 2213 576 lantgrauius
2257 489 2562 574 Hassiae,
2606 493 2928 580 principes

1803 578 2044 660 dilecti,
2093 577 2199 641 vel
2247 578 2302 641 si
2348 597 2574 642 eorum
2599 579 2791 664 copia
2811 579 2918 642 ha-

1801 663 1944 729 beri
1987 685 2120 728 non
2166 664 2425 749 poterit,
2487 666 2780 729 omniurn
2845 664 2930 728 hii

1804 749 1886 814 de
1951 749 2311 832 praedictis
2376 749 2487 816 vel
2554 749 2701 832 alii,
2769 773 2925 836 quos

1799 836 2079 922 praefati
2179 834 2602 901 Olmucensis
2694 839 2927 922 episco-

1800 943 1924 1006 pus
1971 931 2036 987 et
2079 923 2516 1008 purchravius
2561 921 2643 986 de
2689 922 2928 988 Nuren·

1802 1007 2004 1072 berch
2049 1007 2135 1074 ad
2185 1005 2311 1072 hoc
2356 1007 2698 1092 elegerint,
2767 1009 2928 1072 inter

1802 1114 1923 1158 nos
1969 1101 2036 1158 et
2081 1115 2303 1179 regem
2348 1093 2722 1179 praefatum
2765 1095 2926 1158 infra

1798 1181 2175 1265 proximum
2246 1179 2484 1246 festum
2553 1178 2731 1245 beati
2817 1181 2927 1244 Mi-

1799 1264 2092 1330 chahelis
2117 1265 2590 1346 ordinaverint,
2637 1275 2707 1330 et
2745 1267 2926 1331 etiam

1799 1373 1919 1437 pro
1997 1352 2253 1417 firmius
2327 1350 2682 1417 solidanda
2765 1353 2925 1418 inter

1799 1459 1919 1502 nos
1983 1445 2050 1503 et
2107 1439 2324 1524 ipsum
2383 1459 2607 1522 regem
2673 1459 2924 1502 concor-

1811 1523 1957 1589 diae
2003 1526 2350 1588 statuerint
2391 1523 2501 1588 vel
2527 1525 2926 1590 decreverint

1806 1612 2068 1692 unione,
2084 1608 2261 1674 bona
2273 1611 2404 1674 fide
2422 1610 2826 1675 servabimus
2840 1612 2926 1674 in-

1806 1718 2218 1762 concussum.
2234 1697 2773 1762 Pronuntiatione
2784 1715 2926 1762 vero

1807 1781 1890 1846 ab
1924 1784 2088 1868 ipsis
2107 1781 2518 1869 principibus
2533 1783 2838 1848 internos
2867 1790 2926 1848 et

1807 1869 2056 1933 dictum
2109 1889 2331 1954 regem
2375 1869 2690 1935 Boemiae
2733 1869 2916 1951 facta,

1808 1954 2130 2020 dictorum
2179 1954 2598 2021 Olmucensis
2644 1957 2923 2042 episcopi

1805 2051 1870 2106 et
1961 2040 2292 2106 urchravii
2330 2041 2683 2106 auctoritas
2725 2049 2794 2108 et
2825 2064 2852 2128 J
2861 2063 2922 2105 u·

1801 2065 2098 2192 risdictio
2142 2126 2591 2213 exspirabant.

1977 2213 2173 2294 Quod
2226 2221 2447 2278 autem
2506 2212 2671 2278 haec
2713 2213 2922 2278 omnia

1801 2307 1870 2366 et
1931 2299 2195 2384 singula
2257 2321 2457 2384 supra
2501 2303 2764 2384 scripta,
2807 2319 2918 2362 nos

1807 2393 1873 2450 et
1939 2387 2081 2472 ipse
2139 2408 2262 2450 rex
2322 2385 2634 2452 Boemiae
2703 2383 2921 2450 debea-

1807 2493 1953 2536 mus
2019 2471 2494 2537 inviolabiliter
2557 2469 2916 2552 observare,

1809 2556 2245 2642 purchravius
2333 2557 2644 2622 mandato
2713 2566 2920 2624 nostro

1805 2665 1925 2728 pro
1995 2643 2206 2726 nobis,
2275 2643 2696 2710 Olmucennis
2757 2663 2922 2724 vero,

1804 2728 2021 2795 Zmilo
2116 2739 2182 2796 et
2267 2730 2584 2816 magister
2665 2729 2916 2794 Uirieus

1852 2815 2147 2898 raedicti‚
2217 2837 2416 2903 super
2477 2815 2604 2880 hoc
2667 2815 2918 2902 plenum

1803 2839 2124 2969 habentes
2191 2901 2598 2984 mandatum,
2663 2903 2734 2967 in
2801 2901 2920 2967 ani·

1805 3009 1981 3053 mam
2024 2989 2234 3074 ipsius
2257 2990 2432 3073 regis
2455 2989 2772 3054 Boemiae
2799 2987 2915 3053 fide

1805 3073 1961 3140 data
1991 3075 2444 3162 sollempniter
2466 3076 2914 3160 promiserunt.

1977 3247 2057 3312 In
2124 3268 2400 3333 quorum
2490 3247 2919 3312 testimonium

1803 3333 2098 3418 'sigillum
2141 3341 2438 3397 nostrum
2479 3332 2919 3418 praesentibus

1805 3429 1905 3486 est
1947 3441 2330 3506 appensum.

1980 4109 2228 4174 Datum
2319 4079 2638 4188 Viennae,
2673 4113 2678 4116 '
2727 4105 2915 4190 pridie

1805 4193 2032 4258 Nonas
2075 4194 2261 4276 Maji,
2307 4194 2667 4258 indictione
2698 4191 2776 4257 V.
2820 4213 2914 4256 an-

1805 4301 1891 4344 no
1937 4281 2206 4345 Domini
2234 4278 2616 4345 MOOLXX
2640 4279 2912 4364 septimo,

1805 4368 1990 4450 regni
2038 4387 2194 4431 vero
2243 4369 2447 4431 nostri
2487 4386 2660 4431 anno
2687 4371 2910 4449 quarto.
