<?xml version="1.0" encoding="UTF-8"?>
<!DOCTYPE html PUBLIC "-//W3C//DTD XHTML 1.0 Transitional//EN"
    "http://www.w3.org/TR/xhtml1/DTD/xhtml1-transitional.dtd">
<html xmlns="http://www.w3.org/1999/xhtml" xml:lang="en" lang="en">
 <head>
  <title>
</title>
<meta http-equiv="Content-Type" content="text/html;charset=utf-8" />
  <meta name='ocr-system' content='tesseract 3.04.00' />
  <meta name='ocr-capabilities' content='ocr_page ocr_carea ocr_par ocr_line ocrx_word'/>
</head>
<body>
  <div class='ocr_page' id='page_1' title='image "./codexjurisbohem01unkngoog_0109.png"; bbox 0 0 3150 5017; ppageno 0'>
   <div class='ocr_carea' id='block_1_1' title="bbox 1165 315 1620 387">
    <p class='ocr_par' dir='ltr' id='par_1_1' title="bbox 1165 315 1620 387">
     <span class='ocr_line' id='line_1_1' title="bbox 1165 315 1620 387; baseline 0.004 -16"><span class='ocrx_word' id='word_1_1' title='bbox 1165 315 1620 387; x_wconf 66' lang='lat'><strong>—99-</strong></span> 
     </span>
    </p>
   </div>
   <div class='ocr_carea' id='block_1_2' title="bbox 221 491 1339 579">
    <p class='ocr_par' dir='ltr' id='par_1_2' title="bbox 221 491 1339 579">
     <span class='ocr_line' id='line_1_2' title="bbox 221 491 1339 579; baseline -0.004 -17"><span class='ocrx_word' id='word_1_2' title='bbox 221 495 453 576; x_wconf 81' lang='lat' dir='ltr'><strong>fecerit,</strong></span> <span class='ocrx_word' id='word_1_3' title='bbox 496 491 583 557; x_wconf 85' lang='lat' dir='ltr'><strong>ad</strong></span> <span class='ocrx_word' id='word_1_4' title='bbox 625 496 909 558; x_wconf 68' lang='lat' dir='ltr'><strong>staulam</strong></span> <span class='ocrx_word' id='word_1_5' title='bbox 968 491 1339 579; x_wconf 79' lang='lat' dir='ltr'><strong>flagelletur</strong></span> 
     </span>
    </p>
   </div>
   <div class='ocr_carea' id='block_1_3' title="bbox 1447 496 2587 581">
    <p class='ocr_par' dir='ltr' id='par_1_3' title="bbox 1447 496 2587 581">
     <span class='ocr_line' id='line_1_3' title="bbox 1447 496 2587 581; baseline 0.005 -22"><span class='ocrx_word' id='word_1_6' title='bbox 1447 496 1647 562; x_wconf 86' lang='lat' dir='ltr'><strong>alicui</strong></span> <span class='ocrx_word' id='word_1_7' title='bbox 1695 518 1813 561; x_wconf 85' lang='lat' dir='ltr'><strong>suo</strong></span> <span class='ocrx_word' id='word_1_8' title='bbox 1859 498 2002 581; x_wconf 85' lang='lat' dir='ltr'><strong>pari</strong></span> <span class='ocrx_word' id='word_1_9' title='bbox 2051 496 2158 563; x_wconf 85' lang='lat' dir='ltr'><strong>vel</strong></span> <span class='ocrx_word' id='word_1_10' title='bbox 2187 518 2306 563; x_wconf 88' lang='lat' dir='ltr'><strong>suo</strong></span> <span class='ocrx_word' id='word_1_11' title='bbox 2331 500 2587 566; x_wconf 59' lang='lat' dir='ltr'><strong>convici</strong></span> 
     </span>
    </p>
   </div>
   <div class='ocr_carea' id='block_1_4' title="bbox 222 579 2590 670">
    <p class='ocr_par' dir='ltr' id='par_1_4' title="bbox 222 579 2590 670">
     <span class='ocr_line' id='line_1_4' title="bbox 222 579 2590 670; baseline 0.001 -22"><span class='ocrx_word' id='word_1_12' title='bbox 222 592 279 648; x_wconf 85' lang='lat' dir='ltr'><strong>et</strong></span> <span class='ocrx_word' id='word_1_13' title='bbox 320 581 397 647; x_wconf 85' lang='lat' dir='ltr'><strong>de</strong></span> <span class='ocrx_word' id='word_1_14' title='bbox 453 580 713 645; x_wconf 77' lang='lat' dir='ltr'><strong>civitate</strong></span> <span class='ocrx_word' id='word_1_15' title='bbox 773 587 841 644; x_wconf 89' lang='lat' dir='ltr'><strong>et</strong></span> <span class='ocrx_word' id='word_1_16' title='bbox 902 579 986 645; x_wconf 90' lang='lat' dir='ltr'><strong>de·</strong></span> <span class='ocrx_word' id='word_1_17' title='bbox 1042 582 1342 645; x_wconf 84' lang='lat' dir='ltr'><strong>terminis</strong></span> <span class='ocrx_word' id='word_1_18' title='bbox 1448 582 1698 664; x_wconf 83' lang='lat' dir='ltr'><strong>fecerit,</strong></span> <span class='ocrx_word' id='word_1_19' title='bbox 1743 604 1998 670; x_wconf 73' lang='lat' dir='ltr'><strong>poenae</strong></span> <span class='ocrx_word' id='word_1_20' title='bbox 2041 583 2402 651; x_wconf 80' lang='lat' dir='ltr'><strong>solidorum</strong></span> <span class='ocrx_word' id='word_1_21' title='bbox 2441 588 2590 651; x_wconf 84' lang='lat' dir='ltr'><strong>sub-</strong></span> 
     </span>
    </p>
   </div>
   <div class='ocr_carea' id='block_1_5' title="bbox 217 666 689 756">
    <p class='ocr_par' dir='ltr' id='par_1_5' title="bbox 217 666 689 756">
     <span class='ocr_line' id='line_1_5' title="bbox 217 666 689 756; baseline -0.004 -21"><span class='ocrx_word' id='word_1_22' title='bbox 217 671 349 756; x_wconf 84' lang='lat' dir='ltr'><strong>ej-us</strong></span> <span class='ocrx_word' id='word_1_23' title='bbox 390 666 689 755; x_wconf 84' lang='lat' dir='ltr'><strong>pellatur.</strong></span> 
     </span>
    </p>
   </div>
   <div class='ocr_carea' id='block_1_6' title="bbox 217 1182 1345 2471">
    <p class='ocr_par' dir='ltr' id='par_1_6' title="bbox 217 1182 1345 2471">
     <span class='ocr_line' id='line_1_6' title="bbox 370 1182 1337 1271; baseline -0.001 -19"><span class='ocrx_word' id='word_1_24' title='bbox 370 1186 568 1252; x_wconf 83' lang='lat' dir='ltr'><strong>XXX.</strong></span> <span class='ocrx_word' id='word_1_25' title='bbox 612 1188 675 1267; x_wconf 60' lang='grc' dir='ltr'><strong>ὅ.</strong></span> <span class='ocrx_word' id='word_1_26' title='bbox 708 1190 763 1250; x_wconf 89' lang='grc'><strong>1.</strong></span> <span class='ocrx_word' id='word_1_27' title='bbox 802 1182 871 1249; x_wconf 90' lang='lat' dir='ltr'><strong>Si</strong></span> <span class='ocrx_word' id='word_1_28' title='bbox 888 1186 1051 1270; x_wconf 88' lang='lat' dir='ltr'><strong>-quis</strong></span> <span class='ocrx_word' id='word_1_29' title='bbox 1080 1184 1163 1251; x_wconf 87' lang='lat' dir='ltr'><strong>de</strong></span> <span class='ocrx_word' id='word_1_30' title='bbox 1188 1207 1337 1271; x_wconf 89' lang='lat' dir='ltr'><strong>spo-</strong></span> 
     </span>
     <span class='ocr_line' id='line_1_7' title="bbox 222 1271 1338 1340; baseline -0.003 0"><span class='ocrx_word' id='word_1_31' title='bbox 222 1276 295 1340; x_wconf 87' lang='lat' dir='ltr'><strong>lio</strong></span> <span class='ocrx_word' id='word_1_32' title='bbox 337 1274 437 1339; x_wconf 84' lang='lat' dir='ltr'><strong>vel</strong></span> <span class='ocrx_word' id='word_1_33' title='bbox 482 1273 565 1338; x_wconf 89' lang='lat' dir='ltr'><strong>de</strong></span> <span class='ocrx_word' id='word_1_34' title='bbox 608 1273 785 1337; x_wconf 85' lang='lat' dir='ltr'><strong>furto</strong></span> <span class='ocrx_word' id='word_1_35' title='bbox 844 1271 1186 1337; x_wconf 80' lang='lat' dir='ltr'><strong>incusatus</strong></span> <span class='ocrx_word' id='word_1_36' title='bbox 1240 1271 1338 1337; x_wconf 82' lang='lat' dir='ltr'><strong>fu-</strong></span> 
     </span>
     <span class='ocr_line' id='line_1_8' title="bbox 223 1356 1339 1445; baseline -0.003 -18"><span class='ocrx_word' id='word_1_37' title='bbox 223 1364 343 1444; x_wconf 85' lang='lat' dir='ltr'><strong>erit,</strong></span> <span class='ocrx_word' id='word_1_38' title='bbox 382 1370 447 1425; x_wconf 79' lang='lat' dir='ltr'><strong>et</strong></span> <span class='ocrx_word' id='word_1_39' title='bbox 488 1359 657 1425; x_wconf 79' lang='lat' dir='ltr'><strong>nihil</strong></span> <span class='ocrx_word' id='word_1_40' title='bbox 702 1358 881 1443; x_wconf 86' lang='lat' dir='ltr'><strong>apud</strong></span> <span class='ocrx_word' id='word_1_41' title='bbox 927 1356 1201 1445; x_wconf 84' lang='lat' dir='ltr'><strong>(ipsum)</strong></span> <span class='ocrx_word' id='word_1_42' title='bbox 1246 1361 1339 1425; x_wconf 87' lang='lat' dir='ltr'><strong>in·</strong></span> 
     </span>
     <span class='ocr_line' id='line_1_9' title="bbox 224 1444 1339 1532; baseline -0.004 -17"><span class='ocrx_word' id='word_1_43' title='bbox 224 1458 465 1515; x_wconf 85' lang='lat' dir='ltr'><strong>ventum</strong></span> <span class='ocrx_word' id='word_1_44' title='bbox 522 1446 761 1511; x_wconf 76' lang='lat' dir='ltr'><strong>fueritt</strong></span> <span class='ocrx_word' id='word_1_45' title='bbox 822 1444 1103 1532; x_wconf 76' lang='lat' dir='ltr'><strong>simplici</strong></span> <span class='ocrx_word' id='word_1_46' title='bbox 1153 1446 1339 1531; x_wconf 84' lang='lat' dir='ltr'><strong>jura-</strong></span> 
     </span>
     <span class='ocr_line' id='line_1_10' title="bbox 224 1531 1340 1621; baseline -0.003 -21"><span class='ocrx_word' id='word_1_47' title='bbox 224 1545 417 1601; x_wconf 82' lang='lat' dir='ltr'><strong>mento</strong></span> <span class='ocrx_word' id='word_1_48' title='bbox 459 1531 973 1621; x_wconf 75' lang='lat' dir='ltr'><strong>expurgabitur3</strong></span> <span class='ocrx_word' id='word_1_49' title='bbox 1016 1534 1075 1597; x_wconf 80' lang='lat' dir='ltr'><strong>si</strong></span> <span class='ocrx_word' id='word_1_50' title='bbox 1120 1542 1340 1597; x_wconf 86' lang='lat' dir='ltr'><strong>autem</strong></span> 
     </span>
     <span class='ocr_line' id='line_1_11' title="bbox 223 1620 1338 1703; baseline -0.004 -16"><span class='ocrx_word' id='word_1_51' title='bbox 223 1620 509 1703; x_wconf 76' lang='lat' dir='ltr'><strong>secundo,</strong></span> <span class='ocrx_word' id='word_1_52' title='bbox 553 1621 986 1700; x_wconf 53' lang='lat' dir='ltr'><strong>met-tertium</strong></span> <span class='ocrx_word' id='word_1_53' title='bbox 1046 1620 1102 1684; x_wconf 89' lang='lat' dir='ltr'><strong>si</strong></span> <span class='ocrx_word' id='word_1_54' title='bbox 1145 1621 1338 1685; x_wconf 86' lang='lat' dir='ltr'><strong>tertio</strong></span> 
     </span>
     <span class='ocr_line' id='line_1_12' title="bbox 222 1710 1339 1796; baseline -0.003 -22"><span class='ocrx_word' id='word_1_55' title='bbox 222 1716 637 1796; x_wconf 79' lang='lat' dir='ltr'><strong>metquartus;</strong></span> <span class='ocrx_word' id='word_1_56' title='bbox 702 1710 759 1771; x_wconf 85' lang='lat' dir='ltr'><strong>si</strong></span> <span class='ocrx_word' id='word_1_57' title='bbox 830 1716 1081 1793; x_wconf 79' lang='lat' dir='ltr'><strong>quarto,</strong></span> <span class='ocrx_word' id='word_1_58' title='bbox 1152 1728 1339 1772; x_wconf 82' lang='lat' dir='ltr'><strong>accu-</strong></span> 
     </span>
     <span class='ocr_line' id='line_1_13' title="bbox 218 1793 1337 1879; baseline -0.006 -18"><span class='ocrx_word' id='word_1_59' title='bbox 218 1800 475 1863; x_wconf 81' lang='lat' dir='ltr'><strong>santium</strong></span> <span class='ocrx_word' id='word_1_60' title='bbox 524 1796 907 1860; x_wconf 85' lang='lat' dir='ltr'><strong>testimonio</strong></span> <span class='ocrx_word' id='word_1_61' title='bbox 952 1793 1337 1879; x_wconf 84' lang='lat' dir='ltr'><strong>subjacebit.</strong></span> 
     </span>
     <span class='ocr_line' id='line_1_14' title="bbox 220 1881 1339 1967; baseline -0.001 -21"><span class='ocrx_word' id='word_1_62' title='bbox 220 1889 268 1966; x_wconf 67' lang='lat'><strong>§-</strong></span> <span class='ocrx_word' id='word_1_63' title='bbox 308 1885 366 1948; x_wconf 82' lang='lat'><strong>2.</strong></span> <span class='ocrx_word' id='word_1_64' title='bbox 410 1881 479 1947; x_wconf 91' lang='lat' dir='ltr'><strong>Si</strong></span> <span class='ocrx_word' id='word_1_65' title='bbox 528 1881 771 1967; x_wconf 87' lang='lat' dir='ltr'><strong>aliquis</strong></span> <span class='ocrx_word' id='word_1_66' title='bbox 816 1881 1126 1967; x_wconf 76' lang='lat' dir='ltr'><strong>praeconi</strong></span> <span class='ocrx_word' id='word_1_67' title='bbox 1155 1901 1339 1967; x_wconf 86' lang='lat' dir='ltr'><strong>prae·</strong></span> 
     </span>
     <span class='ocr_line' id='line_1_15' title="bbox 220 1966 1337 2053; baseline -0.004 -17"><span class='ocrx_word' id='word_1_68' title='bbox 220 1978 487 2036; x_wconf 83' lang='lat' dir='ltr'><strong>scutatus</strong></span> <span class='ocrx_word' id='word_1_69' title='bbox 510 1967 729 2033; x_wconf 85' lang='lat' dir='ltr'><strong>&#39;fuerit</strong></span> <span class='ocrx_word' id='word_1_70' title='bbox 774 1976 841 2031; x_wconf 87' lang='lat' dir='ltr'><strong>et</strong></span> <span class='ocrx_word' id='word_1_71' title='bbox 882 1966 1131 2033; x_wconf 82' lang='lat' dir='ltr'><strong>ibidem</strong></span> <span class='ocrx_word' id='word_1_72' title='bbox 1188 1989 1337 2053; x_wconf 87' lang='lat' dir='ltr'><strong>per·</strong></span> 
     </span>
     <span class='ocr_line' id='line_1_16' title="bbox 220 2054 1341 2141; baseline -0.005 -18"><span class='ocrx_word' id='word_1_73' title='bbox 220 2057 574 2135; x_wconf 78' lang='lat' dir='ltr'><strong>motaverit,</strong></span> <span class='ocrx_word' id='word_1_74' title='bbox 620 2054 807 2119; x_wconf 86' lang='lat' dir='ltr'><strong>dabit</strong></span> <span class='ocrx_word' id='word_1_75' title='bbox 840 2055 1153 2135; x_wconf 80' lang='lat' dir='ltr'><strong>praeconi</strong></span> <span class='ocrx_word' id='word_1_76' title='bbox 1184 2074 1341 2141; x_wconf 90' lang='lat' dir='ltr'><strong>qua·</strong></span> 
     </span>
     <span class='ocr_line' id='line_1_17' title="bbox 220 2140 1340 2218; baseline -0.005 -8"><span class='ocrx_word' id='word_1_77' title='bbox 220 2144 553 2209; x_wconf 85' lang='lat' dir='ltr'><strong>tuordecim</strong></span> <span class='ocrx_word' id='word_1_78' title='bbox 601 2141 929 2218; x_wconf 83' lang='lat' dir='ltr'><strong>denarios,</strong></span> <span class='ocrx_word' id='word_1_79' title='bbox 960 2150 1027 2206; x_wconf 86' lang='lat' dir='ltr'><strong>et</strong></span> <span class='ocrx_word' id='word_1_80' title='bbox 1056 2140 1223 2205; x_wconf 84' lang='lat' dir='ltr'><strong>nihil</strong></span> <span class='ocrx_word' id='word_1_81' title='bbox 1256 2140 1340 2205; x_wconf 85' lang='lat' dir='ltr'><strong>de</strong></span> 
     </span>
     <span class='ocr_line' id='line_1_18' title="bbox 221 2227 1345 2314; baseline -0.005 -18"><span class='ocrx_word' id='word_1_82' title='bbox 221 2232 389 2296; x_wconf 88' lang='lat' dir='ltr'><strong>rebus</strong></span> <span class='ocrx_word' id='word_1_83' title='bbox 432 2231 567 2295; x_wconf 86' lang='lat' dir='ltr'><strong>suis</strong></span> <span class='ocrx_word' id='word_1_84' title='bbox 614 2227 903 2314; x_wconf 86' lang='lat' dir='ltr'><strong>amplius</strong></span> <span class='ocrx_word' id='word_1_85' title='bbox 936 2228 1215 2313; x_wconf 82' lang='lat' dir='ltr'><strong>accipiet</strong></span> <span class='ocrx_word' id='word_1_86' title='bbox 1232 2249 1267 2309; x_wconf 82' lang='lat'><strong>3·</strong></span> <span class='ocrx_word' id='word_1_87' title='bbox 1284 2228 1345 2293; x_wconf 83' lang='lat' dir='ltr'><strong>si</strong></span> 
     </span>
     <span class='ocr_line' id='line_1_19' title="bbox 222 2315 1345 2402; baseline -0.004 -19"><span class='ocrx_word' id='word_1_88' title='bbox 222 2328 413 2383; x_wconf 77' lang='lat' dir='ltr'><strong>autem</strong></span> <span class='ocrx_word' id='word_1_89' title='bbox 442 2339 577 2383; x_wconf 88' lang='lat' dir='ltr'><strong>non</strong></span> <span class='ocrx_word' id='word_1_90' title='bbox 600 2315 1039 2402; x_wconf 88' lang='lat' dir='ltr'><strong>pernoctabit,</strong></span> <span class='ocrx_word' id='word_1_91' title='bbox 1064 2315 1253 2379; x_wconf 85' lang='lat' dir='ltr'><strong>dabit</strong></span> <span class='ocrx_word' id='word_1_92' title='bbox 1284 2315 1345 2381; x_wconf 88' lang='lat' dir='ltr'><strong>ei</strong></span> 
     </span>
     <span class='ocr_line' id='line_1_20' title="bbox 217 2400 1343 2471; baseline -0.006 -1"><span class='ocrx_word' id='word_1_93' title='bbox 217 2426 321 2470; x_wconf 82' lang='lat' dir='ltr'><strong>sex</strong></span> <span class='ocrx_word' id='word_1_94' title='bbox 360 2405 659 2471; x_wconf 85' lang='lat' dir='ltr'><strong>denarios</strong></span> <span class='ocrx_word' id='word_1_95' title='bbox 720 2410 787 2468; x_wconf 85' lang='lat' dir='ltr'><strong>et</strong></span> <span class='ocrx_word' id='word_1_96' title='bbox 850 2400 1059 2468; x_wconf 88' lang='lat' dir='ltr'><strong>libere</strong></span> <span class='ocrx_word' id='word_1_97' title='bbox 1116 2401 1343 2468; x_wconf 80' lang='lat' dir='ltr'><strong>exibit.</strong></span> 
     </span>
    </p>
   </div>
   <div class='ocr_carea' id='block_1_7' title="bbox 221 2662 1341 4387">
    <p class='ocr_par' dir='ltr' id='par_1_7' title="bbox 221 2662 1341 4387">
     <span class='ocr_line' id='line_1_21' title="bbox 370 2662 1335 2744; baseline -0.005 -14"><span class='ocrx_word' id='word_1_98' title='bbox 370 2663 628 2729; x_wconf 86' lang='lat' dir='ltr'>XXXI.</span> <span class='ocrx_word' id='word_1_99' title='bbox 684 2667 742 2744; x_wconf 64' lang='grc' dir='ltr'><strong>ἓ.</strong></span> <span class='ocrx_word' id='word_1_100' title='bbox 782 2663 837 2727; x_wconf 94' lang='grc'><strong>1.</strong></span> <span class='ocrx_word' id='word_1_101' title='bbox 872 2662 999 2725; x_wconf 90' lang='lat' dir='ltr'><strong>Pro</strong></span> <span class='ocrx_word' id='word_1_102' title='bbox 1030 2662 1335 2727; x_wconf 88' lang='lat' dir='ltr'><strong>incendio</strong></span> 
     </span>
     <span class='ocr_line' id='line_1_22' title="bbox 221 2748 1335 2838; baseline -0.003 -22"><span class='ocrx_word' id='word_1_103' title='bbox 221 2753 268 2815; x_wconf 82' lang='lat' dir='ltr'><strong>si</strong></span> <span class='ocrx_word' id='word_1_104' title='bbox 306 2754 439 2838; x_wconf 83' lang='lat' dir='ltr'><strong>quis</strong></span> <span class='ocrx_word' id='word_1_105' title='bbox 484 2758 717 2836; x_wconf 84' lang='lat' dir='ltr'><strong>captus</strong></span> <span class='ocrx_word' id='word_1_106' title='bbox 764 2748 979 2831; x_wconf 86' lang='lat' dir='ltr'><strong>fuerit,</strong></span> <span class='ocrx_word' id='word_1_107' title='bbox 1012 2750 1166 2834; x_wconf 83' lang='lat' dir='ltr'><strong>igne</strong></span> <span class='ocrx_word' id='word_1_108' title='bbox 1195 2770 1335 2833; x_wconf 73' lang='lat' dir='ltr'><strong>per-</strong></span> 
     </span>
     <span class='ocr_line' id='line_1_23' title="bbox 224 2834 1338 2921; baseline -0.004 -20"><span class='ocrx_word' id='word_1_109' title='bbox 224 2838 353 2921; x_wconf 84' lang='lat' dir='ltr'><strong>ibit3</strong></span> <span class='ocrx_word' id='word_1_110' title='bbox 396 2840 449 2901; x_wconf 87' lang='lat' dir='ltr'><strong>si</strong></span> <span class='ocrx_word' id='word_1_111' title='bbox 494 2858 653 2904; x_wconf 89' lang='lat' dir='ltr'><strong>vero</strong></span> <span class='ocrx_word' id='word_1_112' title='bbox 693 2834 1067 2901; x_wconf 84' lang='lat' dir='ltr'><strong>incendium</strong></span> <span class='ocrx_word' id='word_1_113' title='bbox 1108 2835 1338 2901; x_wconf 87' lang='lat' dir='ltr'><strong>fecerit</strong></span> 
     </span>
     <span class='ocr_line' id='line_1_24' title="bbox 225 2921 1336 3008; baseline -0.002 -20"><span class='ocrx_word' id='word_1_114' title='bbox 225 2934 278 2989; x_wconf 82' lang='lat' dir='ltr'><strong>et</strong></span> <span class='ocrx_word' id='word_1_115' title='bbox 312 2925 685 3005; x_wconf 77' lang='lat' dir='ltr'><strong>recesserit,</strong></span> <span class='ocrx_word' id='word_1_116' title='bbox 746 2933 813 2989; x_wconf 87' lang='lat' dir='ltr'><strong>et</strong></span> <span class='ocrx_word' id='word_1_117' title='bbox 854 2924 911 2989; x_wconf 86' lang='lat' dir='ltr'><strong>si</strong></span> <span class='ocrx_word' id='word_1_118' title='bbox 959 2921 1187 3008; x_wconf 78' lang='lat' dir='ltr'><strong>postea</strong></span> <span class='ocrx_word' id='word_1_119' title='bbox 1230 2921 1336 2987; x_wconf 83' lang='lat' dir='ltr'><strong>de-</strong></span> 
     </span>
     <span class='ocr_line' id='line_1_25' title="bbox 226 3010 1337 3095; baseline -0.002 -20"><span class='ocrx_word' id='word_1_120' title='bbox 226 3011 553 3095; x_wconf 83' lang='lat' dir='ltr'><strong>prehensus</strong></span> <span class='ocrx_word' id='word_1_121' title='bbox 614 3010 815 3076; x_wconf 85' lang='lat' dir='ltr'><strong>fuerit</strong></span> <span class='ocrx_word' id='word_1_122' title='bbox 878 3020 942 3075; x_wconf 91' lang='lat' dir='ltr'><strong>et</strong></span> <span class='ocrx_word' id='word_1_123' title='bbox 1000 3011 1056 3074; x_wconf 89' lang='lat' dir='ltr'><strong>si</strong></span> <span class='ocrx_word' id='word_1_124' title='bbox 1126 3011 1337 3075; x_wconf 84' lang='lat' dir='ltr'><strong>minas</strong></span> 
     </span>
     <span class='ocr_line' id='line_1_26' title="bbox 230 3096 1336 3163; baseline -0.002 -2"><span class='ocrx_word' id='word_1_125' title='bbox 230 3099 599 3163; x_wconf 76' lang='lat' dir='ltr'><strong>incensionis</strong></span> <span class='ocrx_word' id='word_1_126' title='bbox 660 3106 853 3163; x_wconf 85' lang='lat' dir='ltr'><strong>antea</strong></span> <span class='ocrx_word' id='word_1_127' title='bbox 926 3096 1115 3162; x_wconf 81' lang='lat' dir='ltr'><strong>fecit:</strong></span> <span class='ocrx_word' id='word_1_128' title='bbox 1188 3116 1336 3162; x_wconf 88' lang='lat' dir='ltr'><strong>cum</strong></span> 
     </span>
     <span class='ocr_line' id='line_1_27' title="bbox 228 3184 1339 3271; baseline -0.002 -22"><span class='ocrx_word' id='word_1_129' title='bbox 228 3196 443 3271; x_wconf 78' lang='lat' dir='ltr'><strong>septem</strong></span> <span class='ocrx_word' id='word_1_130' title='bbox 520 3186 681 3249; x_wconf 86' lang='lat' dir='ltr'><strong>viris</strong></span> <span class='ocrx_word' id='word_1_131' title='bbox 757 3185 1217 3262; x_wconf 80' lang='lat' dir='ltr'><strong>convincetur3</strong></span> <span class='ocrx_word' id='word_1_132' title='bbox 1282 3184 1339 3247; x_wconf 81' lang='lat' dir='ltr'><strong>si</strong></span> 
     </span>
     <span class='ocr_line' id='line_1_28' title="bbox 228 3271 1339 3358; baseline -0.002 -23"><span class='ocrx_word' id='word_1_133' title='bbox 228 3281 413 3337; x_wconf 74' lang='lat' dir='ltr'><strong>autem</strong></span> <span class='ocrx_word' id='word_1_134' title='bbox 456 3274 527 3337; x_wconf 88' lang='lat' dir='ltr'><strong>in</strong></span> <span class='ocrx_word' id='word_1_135' title='bbox 564 3271 819 3358; x_wconf 86' lang='lat' dir='ltr'><strong>judicio</strong></span> <span class='ocrx_word' id='word_1_136' title='bbox 880 3272 1339 3356; x_wconf 81' lang='lat' dir='ltr'><strong>comparuerit,</strong></span> 
     </span>
     <span class='ocr_line' id='line_1_29' title="bbox 230 3358 1341 3445; baseline -0.001 -24"><span class='ocrx_word' id='word_1_137' title='bbox 230 3359 671 3445; x_wconf 84' lang='lat' dir='ltr'><strong>met-septimus</strong></span> <span class='ocrx_word' id='word_1_138' title='bbox 708 3358 1217 3443; x_wconf 80' lang='lat' dir='ltr'><strong>expurgabitur3</strong></span> <span class='ocrx_word' id='word_1_139' title='bbox 1281 3358 1341 3422; x_wconf 87' lang='lat' dir='ltr'><strong>si</strong></span> 
     </span>
     <span class='ocr_line' id='line_1_30' title="bbox 230 3443 1339 3531; baseline -0.001 -22"><span class='ocrx_word' id='word_1_140' title='bbox 230 3466 361 3510; x_wconf 81' lang='lat' dir='ltr'><strong>vcro</strong></span> <span class='ocrx_word' id='word_1_141' title='bbox 414 3449 485 3511; x_wconf 91' lang='lat' dir='ltr'><strong>in</strong></span> <span class='ocrx_word' id='word_1_142' title='bbox 543 3445 703 3531; x_wconf 84' lang='lat' dir='ltr'><strong>fuga</strong></span> <span class='ocrx_word' id='word_1_143' title='bbox 764 3443 1068 3511; x_wconf 83' lang='lat' dir='ltr'><strong>detentus</strong></span> <span class='ocrx_word' id='word_1_144' title='bbox 1121 3445 1339 3526; x_wconf 83' lang='lat' dir='ltr'><strong>fuerit,</strong></span> 
     </span>
     <span class='ocr_line' id='line_1_31' title="bbox 232 3532 1338 3617; baseline 0.001 -23"><span class='ocrx_word' id='word_1_145' title='bbox 232 3532 433 3597; x_wconf 85' lang='lat' dir='ltr'><strong>iterum</strong></span> <span class='ocrx_word' id='word_1_146' title='bbox 478 3554 629 3597; x_wconf 81' lang='lat' dir='ltr'><strong>cum</strong></span> <span class='ocrx_word' id='word_1_147' title='bbox 676 3542 923 3617; x_wconf 85' lang='lat' dir='ltr'><strong>septem</strong></span> <span class='ocrx_word' id='word_1_148' title='bbox 979 3532 1141 3597; x_wconf 88' lang='lat' dir='ltr'><strong>viris</strong></span> <span class='ocrx_word' id='word_1_149' title='bbox 1186 3552 1338 3595; x_wconf 85' lang='lat' dir='ltr'><strong>con·</strong></span> 
     </span>
     <span class='ocr_line' id='line_1_32' title="bbox 234 3618 1339 3704; baseline -0.001 -23"><span class='ocrx_word' id='word_1_150' title='bbox 234 3620 511 3685; x_wconf 84' lang='lat' dir='ltr'><strong>vincetur.</strong></span> <span class='ocrx_word' id='word_1_151' title='bbox 538 3623 600 3701; x_wconf 70' lang='grc' dir='ltr'><strong>ξ.</strong></span> <span class='ocrx_word' id='word_1_152' title='bbox 618 3621 678 3685; x_wconf 90' lang='grc'><strong>2.</strong></span> <span class='ocrx_word' id='word_1_153' title='bbox 698 3619 777 3683; x_wconf 86' lang='lat' dir='ltr'><strong>In</strong></span> <span class='ocrx_word' id='word_1_154' title='bbox 796 3620 1101 3684; x_wconf 87' lang='lat' dir='ltr'><strong>incendio</strong></span> <span class='ocrx_word' id='word_1_155' title='bbox 1115 3620 1172 3683; x_wconf 87' lang='lat' dir='ltr'><strong>si</strong></span> <span class='ocrx_word' id='word_1_156' title='bbox 1192 3618 1339 3704; x_wconf 81' lang='lat' dir='ltr'><strong>qui-s</strong></span> 
     </span>
     <span class='ocr_line' id='line_1_33' title="bbox 234 3703 1337 3773; baseline 0.002 -6"><span class='ocrx_word' id='word_1_157' title='bbox 234 3703 445 3772; x_wconf 84' lang='lat' dir='ltr'><strong>furtum</strong></span> <span class='ocrx_word' id='word_1_158' title='bbox 486 3707 717 3773; x_wconf 84' lang='lat' dir='ltr'><strong>fecerit</strong></span> <span class='ocrx_word' id='word_1_159' title='bbox 733 3704 965 3771; x_wconf 87' lang='lat' dir='ltr'><strong>valens</strong></span> <span class='ocrx_word' id='word_1_160' title='bbox 990 3706 1116 3769; x_wconf 90' lang='lat' dir='ltr'><strong>LX</strong></span> <span class='ocrx_word' id='word_1_161' title='bbox 1138 3705 1337 3771; x_wconf 86' lang='lat' dir='ltr'><strong>dena-</strong></span> 
     </span>
     <span class='ocr_line' id='line_1_34' title="bbox 236 3792 1339 3881; baseline 0 -26"><span class='ocrx_word' id='word_1_162' title='bbox 236 3792 357 3875; x_wconf 87' lang='lat' dir='ltr'><strong>rios,</strong></span> <span class='ocrx_word' id='word_1_163' title='bbox 369 3794 820 3881; x_wconf 82' lang='lat' dir='ltr'><strong>suspendatur.</strong></span> <span class='ocrx_word' id='word_1_164' title='bbox 849 3797 908 3874; x_wconf 63' lang='grc' dir='ltr'><strong>ξ.</strong></span> <span class='ocrx_word' id='word_1_165' title='bbox 928 3798 987 3859; x_wconf 88' lang='grc'><strong>3.</strong></span> <span class='ocrx_word' id='word_1_166' title='bbox 1003 3793 1094 3857; x_wconf 79' lang='lat' dir='ltr'><strong>Et</strong></span> <span class='ocrx_word' id='word_1_167' title='bbox 1117 3793 1167 3855; x_wconf 90' lang='lat' dir='ltr'><strong>si</strong></span> <span class='ocrx_word' id='word_1_168' title='bbox 1193 3794 1339 3878; x_wconf 89' lang='lat' dir='ltr'><strong>quis</strong></span> 
     </span>
     <span class='ocr_line' id='line_1_35' title="bbox 241 3877 1341 3947; baseline 0.004 -8"><span class='ocrx_word' id='word_1_169' title='bbox 241 3877 697 3947; x_wconf 76' lang='lat' dir='ltr'><strong>factoincendio</strong></span> <span class='ocrx_word' id='word_1_170' title='bbox 725 3881 927 3945; x_wconf 88' lang='lat' dir='ltr'><strong>alium</strong></span> <span class='ocrx_word' id='word_1_171' title='bbox 953 3879 1341 3945; x_wconf 87' lang='lat' dir='ltr'><strong>vulnerave-</strong></span> 
     </span>
     <span class='ocr_line' id='line_1_36' title="bbox 242 3964 1335 4040; baseline 0.003 -13"><span class='ocrx_word' id='word_1_172' title='bbox 242 3964 323 4040; x_wconf 88' lang='lat' dir='ltr'><strong>rit,</strong></span> <span class='ocrx_word' id='word_1_173' title='bbox 364 3969 567 4033; x_wconf 80' lang='lat' dir='ltr'><strong>victus</strong></span> <span class='ocrx_word' id='word_1_174' title='bbox 620 3968 833 4032; x_wconf 85' lang='lat' dir='ltr'><strong>tribus</strong></span> <span class='ocrx_word' id='word_1_175' title='bbox 885 3964 1165 4032; x_wconf 83' lang='lat' dir='ltr'><strong>testibus</strong></span> <span class='ocrx_word' id='word_1_176' title='bbox 1228 3966 1335 4031; x_wconf 89' lang='lat' dir='ltr'><strong>de-</strong></span> 
     </span>
     <span class='ocr_line' id='line_1_37' title="bbox 244 4050 1338 4139; baseline 0.005 -28"><span class='ocrx_word' id='word_1_177' title='bbox 244 4050 581 4137; x_wconf 78' lang='lat' dir='ltr'><strong>collabitur3</strong></span> <span class='ocrx_word' id='word_1_178' title='bbox 629 4055 685 4117; x_wconf 87' lang='lat' dir='ltr'><strong>si</strong></span> <span class='ocrx_word' id='word_1_179' title='bbox 726 4054 875 4139; x_wconf 88' lang='lat' dir='ltr'><strong>quis</strong></span> <span class='ocrx_word' id='word_1_180' title='bbox 908 4074 1063 4119; x_wconf 82' lang='lat' dir='ltr'><strong>vero</strong></span> <span class='ocrx_word' id='word_1_181' title='bbox 1120 4054 1338 4138; x_wconf 85' lang='lat' dir='ltr'><strong>evagi-</strong></span> 
     </span>
     <span class='ocr_line' id='line_1_38' title="bbox 243 4139 1338 4227; baseline 0.005 -28"><span class='ocrx_word' id='word_1_182' title='bbox 243 4148 369 4204; x_wconf 83' lang='lat' dir='ltr'><strong>nato</strong></span> <span class='ocrx_word' id='word_1_183' title='bbox 392 4140 600 4226; x_wconf 85' lang='lat' dir='ltr'><strong>gladio</strong></span> <span class='ocrx_word' id='word_1_184' title='bbox 630 4142 699 4205; x_wconf 88' lang='lat' dir='ltr'><strong>in</strong></span> <span class='ocrx_word' id='word_1_185' title='bbox 724 4139 1032 4207; x_wconf 86' lang='lat' dir='ltr'><strong>incendio</strong></span> <span class='ocrx_word' id='word_1_186' title='bbox 1055 4139 1338 4227; x_wconf 83' lang='lat' dir='ltr'><strong>aliquem</strong></span> 
     </span>
     <span class='ocr_line' id='line_1_39' title="bbox 249 4224 1339 4309; baseline 0.003 -20"><span class='ocrx_word' id='word_1_187' title='bbox 249 4224 553 4293; x_wconf 85' lang='lat' dir='ltr'><strong>vulnerare</strong></span> <span class='ocrx_word' id='word_1_188' title='bbox 598 4227 907 4309; x_wconf 86' lang='lat' dir='ltr'><strong>voluerit,</strong></span> <span class='ocrx_word' id='word_1_189' title='bbox 966 4229 1181 4292; x_wconf 87' lang='lat' dir='ltr'><strong>victus</strong></span> <span class='ocrx_word' id='word_1_190' title='bbox 1226 4228 1339 4292; x_wconf 87' lang='lat' dir='ltr'><strong>du-</strong></span> 
     </span>
     <span class='ocr_line' id='line_1_40' title="bbox 252 4310 1337 4387; baseline 0.005 -13"><span class='ocrx_word' id='word_1_191' title='bbox 252 4310 385 4378; x_wconf 80' lang='lat' dir='ltr'><strong>obus</strong></span> <span class='ocrx_word' id='word_1_192' title='bbox 437 4314 709 4382; x_wconf 85' lang='lat' dir='ltr'><strong>testibus</strong></span> <span class='ocrx_word' id='word_1_193' title='bbox 738 4364 759 4387; x_wconf 83' lang='lat'><strong>.</strong></span> <span class='ocrx_word' id='word_1_194' title='bbox 786 4336 987 4381; x_wconf 83' lang='lat' dir='ltr'><strong>manu</strong></span> <span class='ocrx_word' id='word_1_195' title='bbox 1071 4315 1337 4382; x_wconf 77' lang='lat' dir='ltr'><strong>carebit.</strong></span> 
     </span>
    </p>
   </div>
   <div class='ocr_carea' id='block_1_8' title="bbox 1435 668 2592 4314">
    <p class='ocr_par' dir='ltr' id='par_1_8' title="bbox 1438 668 2592 1189">
     <span class='ocr_line' id='line_1_41' title="bbox 1438 668 2590 755; baseline 0.004 -20"><span class='ocrx_word' id='word_1_196' title='bbox 1438 668 1712 755; x_wconf 84' lang='lat' dir='ltr'><strong>jacebit,</strong></span> <span class='ocrx_word' id='word_1_197' title='bbox 1789 672 2130 735; x_wconf 83' lang='lat' dir='ltr'><strong>convictus</strong></span> <span class='ocrx_word' id='word_1_198' title='bbox 2193 674 2364 737; x_wconf 79' lang='lat' dir='ltr'><strong>sicut</strong></span> <span class='ocrx_word' id='word_1_199' title='bbox 2439 683 2590 739; x_wconf 83' lang='lat' dir='ltr'><strong>ante</strong></span> 
     </span>
     <span class='ocr_line' id='line_1_42' title="bbox 1448 755 2586 838; baseline 0.004 -17"><span class='ocrx_word' id='word_1_200' title='bbox 1448 755 1696 822; x_wconf 90' lang='lat' dir='ltr'><strong>dictum</strong></span> <span class='ocrx_word' id='word_1_201' title='bbox 1759 764 1878 821; x_wconf 78' lang='lat' dir='ltr'><strong>est.</strong></span> <span class='ocrx_word' id='word_1_202' title='bbox 1971 761 2035 838; x_wconf 69' lang='lat'><strong>§-</strong></span> <span class='ocrx_word' id='word_1_203' title='bbox 2109 758 2170 822; x_wconf 84' lang='lat'><strong>4.</strong></span> <span class='ocrx_word' id='word_1_204' title='bbox 2233 757 2305 823; x_wconf 87' lang='lat' dir='ltr'><strong>Si</strong></span> <span class='ocrx_word' id='word_1_205' title='bbox 2364 768 2586 825; x_wconf 86' lang='lat' dir='ltr'><strong>autem</strong></span> 
     </span>
     <span class='ocr_line' id='line_1_43' title="bbox 1444 840 2591 913; baseline 0.005 -6"><span class='ocrx_word' id='word_1_206' title='bbox 1444 862 1678 907; x_wconf 75' lang='lat' dir='ltr'><strong>scurro</strong></span> <span class='ocrx_word' id='word_1_207' title='bbox 1720 841 1828 909; x_wconf 89' lang='lat' dir='ltr'><strong>vel</strong></span> <span class='ocrx_word' id='word_1_208' title='bbox 1873 840 2122 909; x_wconf 83' lang='lat' dir='ltr'><strong>lotarus</strong></span> <span class='ocrx_word' id='word_1_209' title='bbox 2167 844 2366 911; x_wconf 80' lang='lat' dir='ltr'><strong>alicui</strong></span> <span class='ocrx_word' id='word_1_210' title='bbox 2419 846 2591 913; x_wconf 83' lang='lat' dir='ltr'><strong>fece-</strong></span> 
     </span>
     <span class='ocr_line' id='line_1_44' title="bbox 1444 928 2592 1015; baseline 0.004 -21"><span class='ocrx_word' id='word_1_211' title='bbox 1444 932 1549 1006; x_wconf 85' lang='lat' dir='ltr'><strong>rit,</strong></span> <span class='ocrx_word' id='word_1_212' title='bbox 1593 928 1682 994; x_wconf 82' lang='lat' dir='ltr'><strong>ad</strong></span> <span class='ocrx_word' id='word_1_213' title='bbox 1729 937 2014 995; x_wconf 74' lang='lat' dir='ltr'><strong>statuam</strong></span> <span class='ocrx_word' id='word_1_214' title='bbox 2059 929 2449 1015; x_wconf 81' lang='lat' dir='ltr'><strong>flagelletur,</strong></span> <span class='ocrx_word' id='word_1_215' title='bbox 2525 942 2592 999; x_wconf 85' lang='lat' dir='ltr'><strong>et</strong></span> 
     </span>
     <span class='ocr_line' id='line_1_45' title="bbox 1444 1015 2584 1105; baseline 0.002 -24"><span class='ocrx_word' id='word_1_216' title='bbox 1444 1016 1527 1081; x_wconf 85' lang='lat' dir='ltr'><strong>dc</strong></span> <span class='ocrx_word' id='word_1_217' title='bbox 1573 1017 1840 1083; x_wconf 81' lang='lat' dir='ltr'><strong>civitate</strong></span> <span class='ocrx_word' id='word_1_218' title='bbox 1883 1024 1952 1081; x_wconf 86' lang='lat' dir='ltr'><strong>et</strong></span> <span class='ocrx_word' id='word_1_219' title='bbox 1993 1015 2078 1082; x_wconf 89' lang='lat' dir='ltr'><strong>de</strong></span> <span class='ocrx_word' id='word_1_220' title='bbox 2119 1020 2416 1085; x_wconf 80' lang='lat' dir='ltr'><strong>terminis</strong></span> <span class='ocrx_word' id='word_1_221' title='bbox 2442 1021 2584 1105; x_wconf 78' lang='lat' dir='ltr'><strong>ejus</strong></span> 
     </span>
     <span class='ocr_line' id='line_1_46' title="bbox 1443 1102 1757 1189; baseline -0.01 -21"><span class='ocrx_word' id='word_1_222' title='bbox 1443 1102 1757 1189; x_wconf 82' lang='lat' dir='ltr'><strong>pellatur.</strong></span> 
     </span>
    </p>

    <p class='ocr_par' dir='ltr' id='par_1_9' title="bbox 1435 1188 2592 2645">
     <span class='ocr_line' id='line_1_47' title="bbox 1619 1188 2589 1277; baseline 0 -22"><span class='ocrx_word' id='word_1_223' title='bbox 1619 1188 1846 1255; x_wconf 85' lang='lat' dir='ltr'><strong>XXX.</strong></span> <span class='ocrx_word' id='word_1_224' title='bbox 1895 1190 1996 1255; x_wconf 81' lang='lat' dir='ltr'><strong>De</strong></span> <span class='ocrx_word' id='word_1_225' title='bbox 2037 1192 2322 1257; x_wconf 78' lang='lat' dir='ltr'><strong>incusato</strong></span> <span class='ocrx_word' id='word_1_226' title='bbox 2350 1191 2589 1277; x_wconf 74' lang='lat' dir='ltr'><strong>spoliis.</strong></span> 
     </span>
     <span class='ocr_line' id='line_1_48' title="bbox 1446 1276 2590 1365; baseline 0.003 -24"><span class='ocrx_word' id='word_1_227' title='bbox 1446 1282 1507 1359; x_wconf 63' lang='grc' dir='ltr'><strong>ξ.</strong></span> <span class='ocrx_word' id='word_1_228' title='bbox 1554 1278 1616 1341; x_wconf 90' lang='grc'><strong>1.</strong></span> <span class='ocrx_word' id='word_1_229' title='bbox 1659 1276 1734 1341; x_wconf 83' lang='lat' dir='ltr'><strong>Si</strong></span> <span class='ocrx_word' id='word_1_230' title='bbox 1779 1278 1926 1360; x_wconf 90' lang='lat' dir='ltr'><strong>quis</strong></span> <span class='ocrx_word' id='word_1_231' title='bbox 1959 1277 2044 1341; x_wconf 91' lang='lat' dir='ltr'><strong>de</strong></span> <span class='ocrx_word' id='word_1_232' title='bbox 2075 1278 2284 1365; x_wconf 87' lang='lat' dir='ltr'><strong>spolio</strong></span> <span class='ocrx_word' id='word_1_233' title='bbox 2321 1288 2388 1343; x_wconf 91' lang='lat' dir='ltr'><strong>et</strong></span> <span class='ocrx_word' id='word_1_234' title='bbox 2417 1278 2590 1345; x_wconf 81' lang='lat' dir='ltr'><strong>furto</strong></span> 
     </span>
     <span class='ocr_line' id='line_1_49' title="bbox 1444 1362 2590 1452; baseline 0 -23"><span class='ocrx_word' id='word_1_235' title='bbox 1444 1365 1784 1429; x_wconf 79' lang='lat' dir='ltr'><strong>incusatus</strong></span> <span class='ocrx_word' id='word_1_236' title='bbox 1829 1362 2044 1444; x_wconf 82' lang='lat' dir='ltr'><strong>fuerit,</strong></span> <span class='ocrx_word' id='word_1_237' title='bbox 2089 1373 2158 1429; x_wconf 90' lang='lat' dir='ltr'><strong>et</strong></span> <span class='ocrx_word' id='word_1_238' title='bbox 2199 1364 2364 1429; x_wconf 83' lang='lat' dir='ltr'><strong>nihil</strong></span> <span class='ocrx_word' id='word_1_239' title='bbox 2411 1365 2590 1452; x_wconf 86' lang='lat' dir='ltr'><strong>apud</strong></span> 
     </span>
     <span class='ocr_line' id='line_1_50' title="bbox 1443 1450 2589 1539; baseline 0.003 -26"><span class='ocrx_word' id='word_1_240' title='bbox 1443 1452 1658 1537; x_wconf 88' lang='lat' dir='ltr'><strong>ipsum</strong></span> <span class='ocrx_word' id='word_1_241' title='bbox 1686 1450 2027 1515; x_wconf 88' lang='lat' dir='ltr'><strong>inventum</strong></span> <span class='ocrx_word' id='word_1_242' title='bbox 2055 1450 2284 1514; x_wconf 81' lang='lat' dir='ltr'><strong>fuerit.-</strong></span> <span class='ocrx_word' id='word_1_243' title='bbox 2307 1451 2589 1539; x_wconf 76' lang='lat' dir='ltr'><strong>simplici</strong></span> 
     </span>
     <span class='ocr_line' id='line_1_51' title="bbox 1435 1537 2588 1623; baseline 0.001 -22"><span class='ocrx_word' id='word_1_244' title='bbox 1435 1538 1818 1623; x_wconf 84' lang='lat' dir='ltr'><strong>juramento</strong></span> <span class='ocrx_word' id='word_1_245' title='bbox 1921 1537 2444 1622; x_wconf 55' lang='lat' dir='ltr'><strong>expurgabam-3</strong></span> <span class='ocrx_word' id='word_1_246' title='bbox 2533 1540 2588 1603; x_wconf 88' lang='lat' dir='ltr'><strong>si</strong></span> 
     </span>
     <span class='ocr_line' id='line_1_52' title="bbox 1443 1622 2588 1707; baseline -0.002 -18"><span class='ocrx_word' id='word_1_247' title='bbox 1443 1634 1664 1689; x_wconf 80' lang='lat' dir='ltr'><strong>autem</strong></span> <span class='ocrx_word' id='word_1_248' title='bbox 1711 1622 2024 1704; x_wconf 83' lang='lat' dir='ltr'><strong>secunde,</strong></span> <span class='ocrx_word' id='word_1_249' title='bbox 2071 1626 2494 1707; x_wconf 83' lang='lat' dir='ltr'><strong>met-tercius,</strong></span> <span class='ocrx_word' id='word_1_250' title='bbox 2531 1625 2588 1691; x_wconf 90' lang='lat' dir='ltr'><strong>si</strong></span> 
     </span>
     <span class='ocr_line' id='line_1_53' title="bbox 1443 1711 2590 1797; baseline 0.002 -20"><span class='ocrx_word' id='word_1_251' title='bbox 1443 1713 1655 1791; x_wconf 87' lang='lat' dir='ltr'><strong>tertio,</strong></span> <span class='ocrx_word' id='word_1_252' title='bbox 1702 1718 2159 1796; x_wconf 83' lang='lat' dir='ltr'><strong>met-quartus,</strong></span> <span class='ocrx_word' id='word_1_253' title='bbox 2219 1711 2274 1774; x_wconf 91' lang='lat' dir='ltr'><strong>si</strong></span> <span class='ocrx_word' id='word_1_254' title='bbox 2335 1721 2590 1797; x_wconf 77' lang='lat' dir='ltr'><strong>quarte,</strong></span> 
     </span>
     <span class='ocr_line' id='line_1_54' title="bbox 1444 1796 2590 1883; baseline -0.001 -20"><span class='ocrx_word' id='word_1_255' title='bbox 1444 1806 1738 1863; x_wconf 85' lang='lat' dir='ltr'><strong>actorum</strong></span> <span class='ocrx_word' id='word_1_256' title='bbox 1793 1798 2166 1863; x_wconf 85' lang='lat' dir='ltr'><strong>testimonio</strong></span> <span class='ocrx_word' id='word_1_257' title='bbox 2219 1796 2590 1883; x_wconf 83' lang='lat' dir='ltr'><strong>subjacebit</strong></span> 
     </span>
     <span class='ocr_line' id='line_1_55' title="bbox 1446 1883 2588 1969; baseline 0.004 -22"><span class='ocrx_word' id='word_1_258' title='bbox 1446 1889 1503 1967; x_wconf 69' lang='grc' dir='ltr'><strong>ξ.</strong></span> <span class='ocrx_word' id='word_1_259' title='bbox 1550 1886 1609 1949; x_wconf 91' lang='grc'><strong>2.</strong></span> <span class='ocrx_word' id='word_1_260' title='bbox 1655 1883 1726 1949; x_wconf 83' lang='lat' dir='ltr'><strong>Si</strong></span> <span class='ocrx_word' id='word_1_261' title='bbox 1775 1884 1922 1968; x_wconf 85' lang='lat' dir='ltr'><strong>quis</strong></span> <span class='ocrx_word' id='word_1_262' title='bbox 1945 1885 2258 1969; x_wconf 85' lang='lat' dir='ltr'><strong>praeconi</strong></span> <span class='ocrx_word' id='word_1_263' title='bbox 2289 1906 2588 1969; x_wconf 84' lang='lat' dir='ltr'><strong>praesen-</strong></span> 
     </span>
     <span class='ocr_line' id='line_1_56' title="bbox 1445 1969 2587 2056; baseline 0 -21"><span class='ocrx_word' id='word_1_264' title='bbox 1445 1979 1622 2037; x_wconf 86' lang='lat' dir='ltr'><strong>tatus</strong></span> <span class='ocrx_word' id='word_1_265' title='bbox 1668 1969 1882 2051; x_wconf 89' lang='lat' dir='ltr'><strong>fuerit,</strong></span> <span class='ocrx_word' id='word_1_266' title='bbox 1907 1981 1974 2035; x_wconf 89' lang='lat' dir='ltr'><strong>et</strong></span> <span class='ocrx_word' id='word_1_267' title='bbox 1997 1969 2177 2056; x_wconf 86' lang='lat' dir='ltr'><strong>apud</strong></span> <span class='ocrx_word' id='word_1_268' title='bbox 2197 1973 2412 2055; x_wconf 86' lang='lat' dir='ltr'><strong>ipsum</strong></span> <span class='ocrx_word' id='word_1_269' title='bbox 2443 1992 2587 2054; x_wconf 85' lang='lat' dir='ltr'><strong>per-</strong></span> 
     </span>
     <span class='ocr_line' id='line_1_57' title="bbox 1445 2055 2580 2142; baseline 0 -19"><span class='ocrx_word' id='word_1_270' title='bbox 1445 2057 1832 2133; x_wconf 81' lang='lat' dir='ltr'><strong>noctaverit,</strong></span> <span class='ocrx_word' id='word_1_271' title='bbox 1879 2055 2063 2121; x_wconf 86' lang='lat' dir='ltr'><strong>dabit</strong></span> <span class='ocrx_word' id='word_1_272' title='bbox 2086 2058 2398 2142; x_wconf 83' lang='lat' dir='ltr'><strong>praeconi</strong></span> <span class='ocrx_word' id='word_1_273' title='bbox 2418 2057 2580 2123; x_wconf 91' lang='lat' dir='ltr'><strong>XIV</strong></span> 
     </span>
     <span class='ocr_line' id='line_1_58' title="bbox 1449 2141 2590 2225; baseline -0.003 -14"><span class='ocrx_word' id='word_1_274' title='bbox 1449 2144 1773 2225; x_wconf 85' lang='lat' dir='ltr'><strong>denarios,</strong></span> <span class='ocrx_word' id='word_1_275' title='bbox 1820 2151 1888 2209; x_wconf 88' lang='lat' dir='ltr'><strong>et</strong></span> <span class='ocrx_word' id='word_1_276' title='bbox 1929 2141 2094 2207; x_wconf 90' lang='lat' dir='ltr'><strong>nihil</strong></span> <span class='ocrx_word' id='word_1_277' title='bbox 2117 2142 2200 2209; x_wconf 89' lang='lat' dir='ltr'><strong>de</strong></span> <span class='ocrx_word' id='word_1_278' title='bbox 2223 2142 2424 2209; x_wconf 87' lang='lat' dir='ltr'><strong>rebus</strong></span> <span class='ocrx_word' id='word_1_279' title='bbox 2454 2144 2590 2209; x_wconf 85' lang='lat' dir='ltr'><strong>suis</strong></span> 
     </span>
     <span class='ocr_line' id='line_1_59' title="bbox 1449 2230 2590 2318; baseline -0.002 -21"><span class='ocrx_word' id='word_1_280' title='bbox 1449 2230 1734 2318; x_wconf 88' lang='lat' dir='ltr'><strong>amplius</strong></span> <span class='ocrx_word' id='word_1_281' title='bbox 1779 2231 2058 2317; x_wconf 85' lang='lat' dir='ltr'><strong>accipiet</strong></span> <span class='ocrx_word' id='word_1_282' title='bbox 2089 2250 2357 2315; x_wconf 71' lang='lat' dir='ltr'><strong>praec0,;</strong></span> <span class='ocrx_word' id='word_1_283' title='bbox 2397 2232 2453 2295; x_wconf 86' lang='lat' dir='ltr'><strong>si</strong></span> <span class='ocrx_word' id='word_1_284' title='bbox 2477 2252 2590 2295; x_wconf 83' lang='lat' dir='ltr'><strong>au·</strong></span> 
     </span>
     <span class='ocr_line' id='line_1_60' title="bbox 1448 2316 2592 2403; baseline -0.003 -18"><span class='ocrx_word' id='word_1_285' title='bbox 1448 2329 1585 2385; x_wconf 88' lang='lat' dir='ltr'><strong>tem</strong></span> <span class='ocrx_word' id='word_1_286' title='bbox 1641 2338 1776 2383; x_wconf 91' lang='lat' dir='ltr'><strong>non</strong></span> <span class='ocrx_word' id='word_1_287' title='bbox 1838 2319 2340 2403; x_wconf 85' lang='lat' dir='ltr'><strong>pernoctaverit,</strong></span> <span class='ocrx_word' id='word_1_288' title='bbox 2408 2316 2592 2382; x_wconf 89' lang='lat' dir='ltr'><strong>dabit</strong></span> 
     </span>
     <span class='ocr_line' id='line_1_61' title="bbox 1452 2402 2588 2472; baseline -0.003 -1"><span class='ocrx_word' id='word_1_289' title='bbox 1452 2408 1511 2472; x_wconf 89' lang='lat' dir='ltr'><strong>ei</strong></span> <span class='ocrx_word' id='word_1_290' title='bbox 1572 2427 1695 2469; x_wconf 78' lang='lat' dir='ltr'><strong>sex</strong></span> <span class='ocrx_word' id='word_1_291' title='bbox 1739 2404 2042 2469; x_wconf 86' lang='lat' dir='ltr'><strong>denarios</strong></span> <span class='ocrx_word' id='word_1_292' title='bbox 2089 2412 2154 2468; x_wconf 93' lang='lat' dir='ltr'><strong>et</strong></span> <span class='ocrx_word' id='word_1_293' title='bbox 2196 2402 2404 2469; x_wconf 90' lang='lat' dir='ltr'><strong>libere</strong></span> <span class='ocrx_word' id='word_1_294' title='bbox 2449 2405 2588 2469; x_wconf 85' lang='lat' dir='ltr'><strong>exi-</strong></span> 
     </span>
     <span class='ocr_line' id='line_1_62' title="bbox 1454 2489 2589 2574; baseline 0 -17"><span class='ocrx_word' id='word_1_295' title='bbox 1454 2492 1567 2574; x_wconf 88' lang='lat' dir='ltr'><strong>bit,</strong></span> <span class='ocrx_word' id='word_1_296' title='bbox 1613 2489 1862 2556; x_wconf 89' lang='lat' dir='ltr'><strong>nullam</strong></span> <span class='ocrx_word' id='word_1_297' title='bbox 1907 2492 1977 2553; x_wconf 89' lang='lat' dir='ltr'><strong>in</strong></span> <span class='ocrx_word' id='word_1_298' title='bbox 2021 2491 2216 2556; x_wconf 90' lang='lat' dir='ltr'><strong>rebus</strong></span> <span class='ocrx_word' id='word_1_299' title='bbox 2262 2492 2398 2556; x_wconf 89' lang='lat' dir='ltr'><strong>suis</strong></span> <span class='ocrx_word' id='word_1_300' title='bbox 2451 2513 2589 2557; x_wconf 88' lang='lat' dir='ltr'><strong>sus-</strong></span> 
     </span>
     <span class='ocr_line' id='line_1_63' title="bbox 1453 2577 2094 2645; baseline -0.006 0"><span class='ocrx_word' id='word_1_301' title='bbox 1453 2583 1671 2645; x_wconf 87' lang='lat' dir='ltr'><strong>tinens</strong></span> <span class='ocrx_word' id='word_1_302' title='bbox 1716 2577 2094 2641; x_wconf 84' lang='lat' dir='ltr'><strong>laesionem.</strong></span> 
     </span>
    </p>

    <p class='ocr_par' dir='ltr' id='par_1_10' title="bbox 1441 2664 2588 4314">
     <span class='ocr_line' id='line_1_64' title="bbox 1616 2664 2587 2747; baseline -0.001 -18"><span class='ocrx_word' id='word_1_303' title='bbox 1616 2664 1848 2730; x_wconf 88' lang='lat' dir='ltr'><strong>XXXI.</strong></span> <span class='ocrx_word' id='word_1_304' title='bbox 1873 2666 1970 2728; x_wconf 83' lang='lat' dir='ltr'><strong>De</strong></span> <span class='ocrx_word' id='word_1_305' title='bbox 1989 2664 2430 2731; x_wconf 73' lang='lat' dir='ltr'><strong>incensoribus.</strong></span> <span class='ocrx_word' id='word_1_306' title='bbox 2449 2670 2509 2747; x_wconf 72' lang='lat'><strong>§.</strong></span> <span class='ocrx_word' id='word_1_307' title='bbox 2533 2666 2587 2729; x_wconf 90' lang='lat'><strong>1.</strong></span> 
     </span>
     <span class='ocr_line' id='line_1_65' title="bbox 1441 2751 2583 2838; baseline -0.003 -19"><span class='ocrx_word' id='word_1_308' title='bbox 1441 2755 1568 2819; x_wconf 91' lang='lat' dir='ltr'><strong>Pro</strong></span> <span class='ocrx_word' id='word_1_309' title='bbox 1630 2751 1956 2832; x_wconf 88' lang='lat' dir='ltr'><strong>incendio,</strong></span> <span class='ocrx_word' id='word_1_310' title='bbox 2024 2753 2078 2815; x_wconf 89' lang='lat' dir='ltr'><strong>si</strong></span> <span class='ocrx_word' id='word_1_311' title='bbox 2140 2753 2284 2838; x_wconf 87' lang='lat' dir='ltr'><strong>quis</strong></span> <span class='ocrx_word' id='word_1_312' title='bbox 2351 2760 2583 2838; x_wconf 86' lang='lat' dir='ltr'><strong>captus</strong></span> 
     </span>
     <span class='ocr_line' id='line_1_66' title="bbox 1442 2836 2586 2924; baseline -0.003 -19"><span class='ocrx_word' id='word_1_313' title='bbox 1442 2838 1658 2918; x_wconf 72' lang='lat' dir='ltr'><strong>file-rit,</strong></span> <span class='ocrx_word' id='word_1_314' title='bbox 1703 2840 1856 2924; x_wconf 87' lang='lat' dir='ltr'><strong>igne</strong></span> <span class='ocrx_word' id='word_1_315' title='bbox 1903 2836 2182 2923; x_wconf 80' lang='lat' dir='ltr'><strong>peribit3</strong></span> <span class='ocrx_word' id='word_1_316' title='bbox 2231 2837 2465 2903; x_wconf 85' lang='lat' dir='ltr'><strong>sivero</strong></span> <span class='ocrx_word' id='word_1_317' title='bbox 2489 2840 2586 2902; x_wconf 88' lang='lat' dir='ltr'><strong>in-</strong></span> 
     </span>
     <span class='ocr_line' id='line_1_67' title="bbox 1442 2924 2586 3009; baseline -0.001 -18"><span class='ocrx_word' id='word_1_318' title='bbox 1442 2925 1753 2993; x_wconf 87' lang='lat' dir='ltr'><strong>cendium</strong></span> <span class='ocrx_word' id='word_1_319' title='bbox 1799 2924 2048 3005; x_wconf 87' lang='lat' dir='ltr'><strong>fecerit,</strong></span> <span class='ocrx_word' id='word_1_320' title='bbox 2081 2932 2146 2989; x_wconf 90' lang='lat' dir='ltr'><strong>et</strong></span> <span class='ocrx_word' id='word_1_321' title='bbox 2169 2925 2487 3009; x_wconf 86' lang='lat' dir='ltr'><strong>effugerit,</strong></span> <span class='ocrx_word' id='word_1_322' title='bbox 2521 2935 2586 2990; x_wconf 87' lang='lat' dir='ltr'><strong>et</strong></span> 
     </span>
     <span class='ocr_line' id='line_1_68' title="bbox 1446 3010 2584 3099; baseline -0.004 -22"><span class='ocrx_word' id='word_1_323' title='bbox 1446 3021 1676 3099; x_wconf 81' lang='lat' dir='ltr'><strong>postea</strong></span> <span class='ocrx_word' id='word_1_324' title='bbox 1717 3010 2263 3097; x_wconf 85' lang='lat' dir='ltr'><strong>deprehendatur,</strong></span> <span class='ocrx_word' id='word_1_325' title='bbox 2297 3021 2363 3075; x_wconf 88' lang='lat' dir='ltr'><strong>et</strong></span> <span class='ocrx_word' id='word_1_326' title='bbox 2385 3012 2438 3075; x_wconf 88' lang='lat' dir='ltr'><strong>si</strong></span> <span class='ocrx_word' id='word_1_327' title='bbox 2468 3012 2584 3074; x_wconf 89' lang='lat' dir='ltr'><strong>mi-</strong></span> 
     </span>
     <span class='ocr_line' id='line_1_69' title="bbox 1442 3097 2586 3164; baseline -0.003 0"><span class='ocrx_word' id='word_1_328' title='bbox 1442 3122 1563 3164; x_wconf 81' lang='lat' dir='ltr'><strong>nas</strong></span> <span class='ocrx_word' id='word_1_329' title='bbox 1588 3099 1986 3163; x_wconf 77' lang='lat' dir='ltr'><strong>incensionis</strong></span> <span class='ocrx_word' id='word_1_330' title='bbox 2012 3105 2207 3162; x_wconf 84' lang='lat' dir='ltr'><strong>antea</strong></span> <span class='ocrx_word' id='word_1_331' title='bbox 2230 3097 2406 3162; x_wconf 74' lang='lat' dir='ltr'><strong>fecitt</strong></span> <span class='ocrx_word' id='word_1_332' title='bbox 2435 3118 2586 3161; x_wconf 85' lang='lat' dir='ltr'><strong>cum</strong></span> 
     </span>
     <span class='ocr_line' id='line_1_70' title="bbox 1444 3184 2588 3273; baseline -0.003 -22"><span class='ocrx_word' id='word_1_333' title='bbox 1444 3196 1693 3273; x_wconf 85' lang='lat' dir='ltr'><strong>septem</strong></span> <span class='ocrx_word' id='word_1_334' title='bbox 1772 3185 1932 3249; x_wconf 86' lang='lat' dir='ltr'><strong>viris</strong></span> <span class='ocrx_word' id='word_1_335' title='bbox 2007 3184 2470 3267; x_wconf 77' lang='lat' dir='ltr'><strong>convincetur3</strong></span> <span class='ocrx_word' id='word_1_336' title='bbox 2533 3185 2588 3249; x_wconf 88' lang='lat' dir='ltr'><strong>si</strong></span> 
     </span>
     <span class='ocr_line' id='line_1_71' title="bbox 1444 3269 2587 3355; baseline -0.003 -17"><span class='ocrx_word' id='word_1_337' title='bbox 1444 3282 1666 3338; x_wconf 88' lang='lat' dir='ltr'><strong>autem</strong></span> <span class='ocrx_word' id='word_1_338' title='bbox 1703 3271 1958 3355; x_wconf 83' lang='lat' dir='ltr'><strong>judicio</strong></span> <span class='ocrx_word' id='word_1_339' title='bbox 2017 3269 2393 3335; x_wconf 83' lang='lat' dir='ltr'><strong>voluntarie</strong></span> <span class='ocrx_word' id='word_1_340' title='bbox 2432 3273 2587 3335; x_wconf 84' lang='lat' dir='ltr'><strong>asti-</strong></span> 
     </span>
     <span class='ocr_line' id='line_1_72' title="bbox 1444 3357 2586 3444; baseline -0.002 -19"><span class='ocrx_word' id='word_1_341' title='bbox 1444 3362 1614 3441; x_wconf 86' lang='lat' dir='ltr'><strong>terit,</strong></span> <span class='ocrx_word' id='word_1_342' title='bbox 1664 3358 2145 3444; x_wconf 87' lang='lat' dir='ltr'><strong>met·septimus</strong></span> <span class='ocrx_word' id='word_1_343' title='bbox 2191 3357 2586 3443; x_wconf 83' lang='lat' dir='ltr'><strong>expurgabi-</strong></span> 
     </span>
     <span class='ocr_line' id='line_1_73' title="bbox 1442 3443 2586 3530; baseline -0.004 -18"><span class='ocrx_word' id='word_1_344' title='bbox 1442 3457 1583 3530; x_wconf 80' lang='lat' dir='ltr'><strong>tur3</strong></span> <span class='ocrx_word' id='word_1_345' title='bbox 1631 3456 1696 3511; x_wconf 89' lang='lat' dir='ltr'><strong>et</strong></span> <span class='ocrx_word' id='word_1_346' title='bbox 1741 3447 1796 3510; x_wconf 89' lang='lat' dir='ltr'><strong>si</strong></span> <span class='ocrx_word' id='word_1_347' title='bbox 1841 3447 1911 3509; x_wconf 92' lang='lat' dir='ltr'><strong>in</strong></span> <span class='ocrx_word' id='word_1_348' title='bbox 1956 3445 2114 3529; x_wconf 87' lang='lat' dir='ltr'><strong>fuga</strong></span> <span class='ocrx_word' id='word_1_349' title='bbox 2161 3443 2460 3509; x_wconf 84' lang='lat' dir='ltr'><strong>detentus</strong></span> <span class='ocrx_word' id='word_1_350' title='bbox 2487 3446 2586 3508; x_wconf 84' lang='lat' dir='ltr'><strong>fu-</strong></span> 
     </span>
     <span class='ocr_line' id='line_1_74' title="bbox 1444 3532 2582 3616; baseline -0.004 -17"><span class='ocrx_word' id='word_1_351' title='bbox 1444 3536 1588 3616; x_wconf 87' lang='lat' dir='ltr'><strong>erit,</strong></span> <span class='ocrx_word' id='word_1_352' title='bbox 1635 3534 1870 3599; x_wconf 88' lang='lat' dir='ltr'><strong>iterum</strong></span> <span class='ocrx_word' id='word_1_353' title='bbox 1915 3553 2066 3595; x_wconf 90' lang='lat' dir='ltr'><strong>cum</strong></span> <span class='ocrx_word' id='word_1_354' title='bbox 2111 3539 2360 3615; x_wconf 85' lang='lat' dir='ltr'><strong>septem</strong></span> <span class='ocrx_word' id='word_1_355' title='bbox 2420 3532 2582 3596; x_wconf 89' lang='lat' dir='ltr'><strong>viris</strong></span> 
     </span>
     <span class='ocr_line' id='line_1_75' title="bbox 1444 3617 2585 3700; baseline -0.002 -16"><span class='ocrx_word' id='word_1_356' title='bbox 1444 3621 1893 3685; x_wconf 86' lang='lat' dir='ltr'><strong>convincetur.</strong></span> <span class='ocrx_word' id='word_1_357' title='bbox 1957 3623 2018 3700; x_wconf 63' lang='grc' dir='ltr'><strong>ξ.</strong></span> <span class='ocrx_word' id='word_1_358' title='bbox 2045 3618 2108 3681; x_wconf 90' lang='grc'><strong>2.</strong></span> <span class='ocrx_word' id='word_1_359' title='bbox 2161 3618 2240 3681; x_wconf 91' lang='lat' dir='ltr'><strong>In</strong></span> <span class='ocrx_word' id='word_1_360' title='bbox 2280 3617 2585 3682; x_wconf 90' lang='lat' dir='ltr'><strong>incendio</strong></span> 
     </span>
     <span class='ocr_line' id='line_1_76' title="bbox 1446 3704 2584 3793; baseline -0.004 -21"><span class='ocrx_word' id='word_1_361' title='bbox 1446 3709 1500 3772; x_wconf 88' lang='lat' dir='ltr'><strong>si</strong></span> <span class='ocrx_word' id='word_1_362' title='bbox 1548 3707 1695 3793; x_wconf 87' lang='lat' dir='ltr'><strong>quis</strong></span> <span class='ocrx_word' id='word_1_363' title='bbox 1740 3705 1986 3770; x_wconf 89' lang='lat' dir='ltr'><strong>furtum</strong></span> <span class='ocrx_word' id='word_1_364' title='bbox 2033 3705 2282 3785; x_wconf 88' lang='lat' dir='ltr'><strong>fecerit,</strong></span> <span class='ocrx_word' id='word_1_365' title='bbox 2350 3704 2584 3769; x_wconf 87' lang='lat' dir='ltr'><strong>valens</strong></span> 
     </span>
     <span class='ocr_line' id='line_1_77' title="bbox 1444 3791 2584 3878; baseline -0.004 -19"><span class='ocrx_word' id='word_1_366' title='bbox 1444 3794 1560 3859; x_wconf 91' lang='lat' dir='ltr'><strong>LX</strong></span> <span class='ocrx_word' id='word_1_367' title='bbox 1607 3793 1927 3873; x_wconf 75' lang='lat' dir='ltr'><strong>denariOS,</strong></span> <span class='ocrx_word' id='word_1_368' title='bbox 1947 3791 2403 3878; x_wconf 86' lang='lat' dir='ltr'><strong>suspendatur.</strong></span> <span class='ocrx_word' id='word_1_369' title='bbox 2436 3794 2496 3873; x_wconf 65' lang='grc' dir='ltr'><strong>ξ.</strong></span> <span class='ocrx_word' id='word_1_370' title='bbox 2523 3796 2584 3857; x_wconf 87' lang='grc'><strong>3.</strong></span> 
     </span>
     <span class='ocr_line' id='line_1_78' title="bbox 1442 3877 2583 3965; baseline -0.004 -20"><span class='ocrx_word' id='word_1_371' title='bbox 1442 3882 1531 3945; x_wconf 87' lang='lat' dir='ltr'><strong>Et</strong></span> <span class='ocrx_word' id='word_1_372' title='bbox 1577 3881 1632 3945; x_wconf 85' lang='lat' dir='ltr'><strong>si</strong></span> <span class='ocrx_word' id='word_1_373' title='bbox 1679 3881 1824 3965; x_wconf 89' lang='lat' dir='ltr'><strong>quis</strong></span> <span class='ocrx_word' id='word_1_374' title='bbox 1869 3881 2042 3943; x_wconf 83' lang='lat' dir='ltr'><strong>facto</strong></span> <span class='ocrx_word' id='word_1_375' title='bbox 2103 3878 2409 3942; x_wconf 85' lang='lat' dir='ltr'><strong>incendio</strong></span> <span class='ocrx_word' id='word_1_376' title='bbox 2469 3877 2583 3941; x_wconf 91' lang='lat' dir='ltr'><strong>ali-</strong></span> 
     </span>
     <span class='ocr_line' id='line_1_79' title="bbox 1447 3964 2588 4054; baseline -0.002 -23"><span class='ocrx_word' id='word_1_377' title='bbox 1447 3989 1637 4054; x_wconf 87' lang='lat' dir='ltr'><strong>quem</strong></span> <span class='ocrx_word' id='word_1_378' title='bbox 1659 3966 2120 4047; x_wconf 85' lang='lat' dir='ltr'><strong>vulneraverit,</strong></span> <span class='ocrx_word' id='word_1_379' title='bbox 2141 3966 2355 4029; x_wconf 88' lang='lat' dir='ltr'><strong>victus</strong></span> <span class='ocrx_word' id='word_1_380' title='bbox 2378 3964 2588 4030; x_wconf 86' lang='lat' dir='ltr'><strong>tribus</strong></span> 
     </span>
     <span class='ocr_line' id='line_1_80' title="bbox 1444 4051 2588 4138; baseline -0.001 -21"><span class='ocrx_word' id='word_1_381' title='bbox 1444 4053 1722 4119; x_wconf 87' lang='lat' dir='ltr'><strong>testibus</strong></span> <span class='ocrx_word' id='word_1_382' title='bbox 1741 4051 2101 4117; x_wconf 87' lang='lat' dir='ltr'><strong>decolletur</strong></span> <span class='ocrx_word' id='word_1_383' title='bbox 2125 4075 2141 4134; x_wconf 83' lang='lat'>3</span> <span class='ocrx_word' id='word_1_384' title='bbox 2187 4052 2242 4115; x_wconf 88' lang='lat' dir='ltr'><strong>si</strong></span> <span class='ocrx_word' id='word_1_385' title='bbox 2261 4053 2408 4138; x_wconf 90' lang='lat' dir='ltr'><strong>quis</strong></span> <span class='ocrx_word' id='word_1_386' title='bbox 2429 4072 2588 4117; x_wconf 86' lang='lat' dir='ltr'><strong>vero</strong></span> 
     </span>
     <span class='ocr_line' id='line_1_81' title="bbox 1446 4137 2580 4225; baseline -0.004 -20"><span class='ocrx_word' id='word_1_387' title='bbox 1446 4140 1794 4225; x_wconf 79' lang='lat' dir='ltr'><strong>evaginato</strong></span> <span class='ocrx_word' id='word_1_388' title='bbox 1860 4137 2080 4224; x_wconf 89' lang='lat' dir='ltr'><strong>gladio</strong></span> <span class='ocrx_word' id='word_1_389' title='bbox 2141 4139 2211 4201; x_wconf 88' lang='lat' dir='ltr'><strong>in</strong></span> <span class='ocrx_word' id='word_1_390' title='bbox 2275 4137 2580 4203; x_wconf 88' lang='lat' dir='ltr'><strong>incendio</strong></span> 
     </span>
     <span class='ocr_line' id='line_1_82' title="bbox 1447 4226 2588 4314; baseline -0.002 -23"><span class='ocrx_word' id='word_1_391' title='bbox 1447 4228 1733 4314; x_wconf 90' lang='lat' dir='ltr'><strong>aliquem</strong></span> <span class='ocrx_word' id='word_1_392' title='bbox 1759 4226 2105 4290; x_wconf 86' lang='lat' dir='ltr'><strong>vulnerare</strong></span> <span class='ocrx_word' id='word_1_393' title='bbox 2131 4226 2429 4308; x_wconf 87' lang='lat' dir='ltr'><strong>voluerit,</strong></span> <span class='ocrx_word' id='word_1_394' title='bbox 2456 4226 2588 4290; x_wconf 88' lang='lat' dir='ltr'><strong>vic·</strong></span> 
     </span>
    </p>
   </div>
   <div class='ocr_carea' id='block_1_9' title="bbox 1447 4312 2585 4464">
    <p class='ocr_par' dir='ltr' id='par_1_11' title="bbox 1447 4312 2585 4464">
     <span class='ocr_line' id='line_1_83' title="bbox 1447 4312 2585 4464; baseline -0.004 -85"><span class='ocrx_word' id='word_1_395' title='bbox 1447 4322 1554 4379; x_wconf 89' lang='lat' dir='ltr'><strong>tus</strong></span> <span class='ocrx_word' id='word_1_396' title='bbox 1601 4312 1878 4379; x_wconf 87' lang='lat' dir='ltr'><strong>duobus·</strong></span> <span class='ocrx_word' id='word_1_397' title='bbox 1901 4312 2182 4464; x_wconf 51' lang='lat' dir='ltr'><strong>t⁶⁸tib÷¹ss</strong></span> <span class='ocrx_word' id='word_1_398' title='bbox 2227 4333 2426 4377; x_wconf 88' lang='lat' dir='ltr'><strong>manu</strong></span> <span class='ocrx_word' id='word_1_399' title='bbox 2449 4313 2585 4397; x_wconf 89' lang='lat' dir='ltr'><strong>pri-</strong></span> 
     </span>
    </p>
   </div>
  </div>
 </body>
</html>
