3150 5017
1485 365 1969 430 -152—

707 535 1013 600 Ceterum
1059 544 1133 600 ut
1176 534 1311 615 illa,
1379 536 1464 601 ad
1510 557 1681 621 quae
1726 543 1827 602 est
1872 534 2188 600 divinitus
2233 535 2551 616 instituta,
2676 535 2885 601 uietius

533 642 853 709 peragere
905 621 1125 687 valeat
1167 630 1230 687 et
1275 622 1474 687 telam
1521 623 1763 708 prolixi
1808 630 2114 686 narratus
2158 631 2343 686 texat
2388 641 2599 686 sermo
2705 622 2888 685 revis:

534 710 634 771 sic
677 709 888 794 ipsam
934 707 1386 774 venerabilem
1435 710 1833 792 Pragensem
1881 708 2227 774 ecclesiam
2290 705 2377 771 ab
2430 706 2731 772 omnibus
2772 727 2893 770 esse

532 793 834 858 volumus
857 793 1315 859 vexationibus
1339 795 1718 875 immunem,
1764 804 1839 858 ut
1880 795 2087 880 ipsius
2132 793 2559 873 orationibus,
2588 814 2757 878 quae
2798 813 2895 876 pro

534 879 726 943 nobis
739 880 990 964 jugiter
1031 879 1458 966 interpellant
1501 881 1679 966 apud
1723 881 1963 963 Deum,
2008 889 2073 944 et
2117 880 2346 944 mundi
2390 901 2623 944 cursus
2649 878 2895 965 pacifice

531 968 777 1030 nostris
821 966 1076 1030 actibus
1137 967 1456 1051 dirigatur
1523 977 1588 1032 et
1654 968 1799 1050 ejus
1866 969 2113 1030 meritis
2173 969 2243 1031 in
2290 967 2539 1031 aeterni
2584 966 2756 1049 regis
2798 985 2891 1050 pa·

534 1051 695 1117 latio
739 1051 1114 1117 desiderata
1157 1053 1347 1118 nobis
1392 1053 1647 1118 mansio
1694 1061 2138 1140 praeparetur.

709 1155 952 1219 Omnia
1038 1155 1211 1219 enim
1287 1156 1348 1219 ei
1405 1154 1751 1242 privilegia
1808 1179 1849 1220 a
1907 1157 2149 1221 nostris
2209 1153 2733 1220 antecessoribus
2794 1155 2886 1240 pia

535 1239 1057 1306 consideratione
1099 1262 1432 1317 concessa,
1500 1245 1642 1308 sive
1709 1245 1841 1307 sint
1898 1241 2103 1306 realia
2161 1242 2301 1306 sive
2360 1240 2756 1326 personalia,
2818 1238 2887 1302 ad

533 1349 640 1392 res
687 1347 802 1392 seu
837 1327 993 1412 jura
1037 1329 1450 1412 pertinentia,
1513 1327 1872 1392 dummodo
1918 1335 2284 1414 appareant
2327 1328 2395 1390 in
2442 1329 2660 1412 prima
2702 1326 2890 1410 figura

533 1422 601 1478 et
645 1411 1036 1477 authenticis
1081 1413 1313 1498 sigillis
1359 1414 1661 1498 sigillata,
1709 1437 1841 1478 non
1886 1416 2134 1494 vitiata,
2182 1434 2313 1476 non
2360 1413 2745 1492 cancellata,
2797 1431 2899 1474 nec

533 1499 604 1563 in
627 1497 850 1585 aliqua
870 1501 972 1563 sui
995 1508 1179 1585 parte
1203 1499 1467 1583 abolita,
1492 1512 1637 1564 rata
1662 1501 1979 1565 habemus
2027 1509 2092 1564 et
2146 1499 2335 1564 firma
2383 1508 2448 1563 et
2492 1521 2574 1564 ea
2626 1498 2889 1564 authori-

531 1592 668 1650 tate
689 1588 1055 1670 praesentis
1079 1587 1305 1670 scripti
1351 1587 1836 1663 confirmamus,
1884 1586 2185 1651 nolentes
2209 1585 2326 1649 illa
2350 1594 2570 1650 tractu
2600 1585 2888 1670 temporis

536 1692 578 1734 a
619 1669 966 1735 malevolis
1011 1670 1339 1756 aliquibus
1384 1693 1548 1736 ausu
1596 1675 1943 1738 temerario
1989 1671 2239 1737 violari.

711 1773 791 1836 In
837 1775 1028 1857 cujus
1073 1774 1167 1837 rei
1210 1775 1661 1839 testimonium
1709 1785 2087 1861 praesentes
2136 1774 2217 1839 de
2262 1775 2595 1839 communi
2646 1771 2894 1838 consilio

537 1857 860 1938 baronum
884 1867 1255 1924 nostrorum
1279 1860 1490 1924 eidem
1516 1861 2174 1947 Pragensiecclesiae
2222 1860 2649 1926 concedimus
2697 1861 2894 1924 literas

534 1946 988 2031 projmemoria
1032 1947 1471 2030 praesentium
1520 1951 1811 2012 omnium
1846 1950 2262 2033 sempiterna,
2282 1944 2651 2032 sigillorum
2676 1955 2895 2011 nostro-

536 2054 683 2097 rum
728 2031 1092 2096 munimine
1136 2032 1495 2099 roboratas.

709 2117 818 2182 Ad
863 2120 1180 2204 majorem
1226 2140 1383 2184 vero
1430 2119 1627 2184 fidem
1674 2129 1741 2183 et
1800 2119 2271 2184 evidentiorem
2336 2117 2665 2183 cautelam
2726 2117 2895 2203 hujus

538 2211 802 2269 nostrae
849 2203 1223 2269 donationis
1271 2227 1387 2269 seu
1432 2207 1951 2270 confirmationis
1998 2207 2231 2270 seriem
2279 2202 2399 2290 per
2444 2203 2784 2270 dominum
2844 2210 2894 2266 et

535 2298 787 2376 patrem
834 2299 1130 2356 nostrum
1179 2292 1663 2356 sanctissimum
1712 2293 1887 2356 Petri
1934 2313 2375 2356 successorem
2410 2299 2475 2357 et
2497 2291 2663 2358 Jesu
2688 2289 2898 2358 Christi

538 2377 879 2457 vicarium,
925 2377 1297 2440 confirmari
1341 2379 1647 2442 volumus
1696 2387 1759 2442 et
1804 2399 2128 2463 rogamus.

717 2461 960 2526 Actum
1005 2463 1257 2548 Pragae
1305 2485 1478 2529 anno
1525 2465 1797 2530 Domini
1845 2464 2195 2530 millesimo
2243 2463 2697 2530 ducentesimo
2742 2483 2898 2528 sexa·

539 2549 789 2632 gesimo
853 2548 1160 2632 secundo,
1236 2551 1465 2614 Idibus
1525 2552 1846 2633 ²Ianuarii,
1922 2551 2374 2636 praesentibus
2434 2551 2538 2614 his
2614 2549 2897 2615 testibus:

539 2635 625 2698 D.
672 2633 932 2698 Joanne
975 2657 1122 2700 ven.
1170 2639 1497 2723 episcope,
1543 2638 1794 2701 Jacobo
1820 2641 2211 2724 praepositO,
2257 2636 2723 2703 Prziznoborio
2745 2635 2901 2700 scho-

537 2721 772 2784 lastico
816 2719 1273 2805 Pragensibus,
1319 2723 1405 2788 D.
1452 2722 1725 2788 Andrea
1770 2723 1960 2788 aulae
2005 2727 2226 2809 regiae
2274 2747 2527 2788 summo
2546 2723 2899 2798 camerario,

539 2806 628 2872 D.
687 2806 978 2872 Jarossio
1047 2807 1398 2892 burgravio
1464 2810 1797 2894 Pragensi,
1858 2810 1945 2874 D.
1996 2809 2301 2876 Checone
2336 2810 2585 2896 judice,
2631 2811 2721 2874 D.
2762 2809 2898 2874 Her·

539 2913 783 2958 manno
829 2893 1338 2976 subcamerari0‚
1408 2896 1633 2961 Olrico
1700 2896 2055 2982 burgravio
2127 2897 2208 2960 de
2273 2893 2505 2974 Loket,
2575 2895 2797 2961 Olrico
2838 2891 2899 2954 de

537 2977 944 3060 Novadom0‚
1012 2979 1370 3045 Wilhelmo
1441 2981 1522 3046 de
1591 2981 1981 3060 Podiebrad,
2049 2983 2331 3047 Zezema
2390 2982 2471 3046 de
2530 2980 2900 3050 Kostomlat,

540 3063 800 3130 Sdislao
847 3065 1352 3143 submarscalco‚
1400 3066 1682 3147 Zdeslao
1731 3067 2147 3151 Sternberch,
2208 3067 2509 3133 Jaroslao
2571 3067 2899 3134 castellano

540 3150 623 3216 de
668 3150 1014 3227 Boleslaw,
1059 3152 1372 3219 Benessio
1419 3154 1905 3219 subcamerario
1951 3155 2373 3220 Moraviensi.

713 3251 964 3319 Datum
1008 3277 1125 3341 per
1169 3279 1401 3321 manus
1447 3259 1908 3343 magistrorum
1955 3257 2241 3324 Arnoldi
2286 3267 2350 3322 et
2396 3259 2739 3326 Wilhelmi
2782 3277 2902 3342 pro-

540 3338 1076 3418 thonotariorum,
1123 3343 1473 3427 Pragensis
1497 3345 1654 3410 eccl.
1680 3347 2162 3428 canonicorum,
2192 3345 2295 3409 die
2314 3352 2377 3410 et
2414 3347 2559 3414 loco
2601 3343 2903 3431 praefatis·

1689 3765 1787 3829 50.

1002 3895 1510 3980 Investitura
1584 3899 1803 4002 regis
1860 3900 2310 4004 Premyslai
2368 3900 2465 3983 H.

1646 4043 1833 4103 1262.

755 4188 968 4252 Insigni
1012 4191 1160 4255 regio
1209 4196 1428 4242 ornatus
1478 4209 1568 4242 rex
1617 4193 1957 4257 Premyslaus
2012 4195 2271 4246 Otacarus
2325 4195 2397 4247 H.
2459 4197 2633 4248 literis
2681 4191 2903 4248 Richardi

543 4260 906 4310 Romanorum
957 4261 1117 4326 regis,
1165 4276 1306 4312 nona
1362 4262 1446 4311 die
1491 4262 1720 4327 Augusti
1773 4266 1906 4313 1262
1953 4265 2276 4330 Aquisgrani
2328 4267 2653 4332 perscriptis,
2726 4261 2903 4326 accepit

552 4325 970 4379 infeudationem
1008 4327 1072 4376 de
1108 4343 1272 4392 regno
1309 4330 1613 4396 Bohemiae,
1648 4333 1713 4382 de
1748 4333 2009 4398 Mon-avia,
2045 4335 2265 4388 Austria
2300 4339 2353 4386 et
2386 4333 2583 4400 Styria.
