<?xml version="1.0" encoding="UTF-8"?>
<!DOCTYPE html PUBLIC "-//W3C//DTD XHTML 1.0 Transitional//EN"
    "http://www.w3.org/TR/xhtml1/DTD/xhtml1-transitional.dtd">
<html xmlns="http://www.w3.org/1999/xhtml" xml:lang="en" lang="en">
 <head>
  <title>
</title>
<meta http-equiv="Content-Type" content="text/html;charset=utf-8" />
  <meta name='ocr-system' content='tesseract 3.04.00' />
  <meta name='ocr-capabilities' content='ocr_page ocr_carea ocr_par ocr_line ocrx_word'/>
</head>
<body>
  <div class='ocr_page' id='page_1' title='image "./codexjurisbohem01unkngoog_0076.png"; bbox 0 0 3150 5017; ppageno 0'>
   <div class='ocr_carea' id='block_1_1' title="bbox 1525 308 1956 375">
    <p class='ocr_par' dir='ltr' id='par_1_1' title="bbox 1525 308 1956 375">
     <span class='ocr_line' id='line_1_1' title="bbox 1525 308 1956 375; baseline 0 -14"><span class='ocrx_word' id='word_1_1' title='bbox 1525 308 1956 375; x_wconf 69' lang='grc'>...66-</span> 
     </span>
    </p>
   </div>
   <div class='ocr_carea' id='block_1_2' title="bbox 501 479 2981 4199">
    <p class='ocr_par' dir='ltr' id='par_1_2' title="bbox 501 479 2929 2301">
     <span class='ocr_line' id='line_1_2' title="bbox 536 479 2923 569; baseline -0.005 -18"><span class='ocrx_word' id='word_1_2' title='bbox 536 484 796 551; x_wconf 82' lang='lat' dir='ltr'><strong>rissimo</strong></span> <span class='ocrx_word' id='word_1_3' title='bbox 839 484 976 549; x_wconf 81' lang='lat' dir='ltr'><strong>filio</strong></span> <span class='ocrx_word' id='word_1_4' title='bbox 1019 492 1244 551; x_wconf 85' lang='lat' dir='ltr'><strong>nostro</strong></span> <span class='ocrx_word' id='word_1_5' title='bbox 1291 490 1356 547; x_wconf 90' lang='lat' dir='ltr'><strong>et</strong></span> <span class='ocrx_word' id='word_1_6' title='bbox 1397 482 1685 569; x_wconf 87' lang='lat' dir='ltr'><strong>Imperio</strong></span> <span class='ocrx_word' id='word_1_7' title='bbox 1730 480 2009 547; x_wconf 82' lang='lat' dir='ltr'><strong>devotus</strong></span> <span class='ocrx_word' id='word_1_8' title='bbox 2052 479 2359 552; x_wconf 74' lang='lat' dir='ltr'><strong>extiterit,</strong></span> <span class='ocrx_word' id='word_1_9' title='bbox 2404 486 2469 545; x_wconf 88' lang='lat' dir='ltr'><strong>et</strong></span> <span class='ocrx_word' id='word_1_10' title='bbox 2522 484 2923 545; x_wconf 87' lang='lat' dir='ltr'><strong>memoratus</strong></span> 
     </span>
     <span class='ocr_line' id='line_1_3' title="bbox 538 564 2924 658; baseline -0.003 -21"><span class='ocrx_word' id='word_1_11' title='bbox 538 572 714 637; x_wconf 89' lang='lat' dir='ltr'><strong>filius</strong></span> <span class='ocrx_word' id='word_1_12' title='bbox 758 572 901 658; x_wconf 89' lang='lat' dir='ltr'><strong>ejus</strong></span> <span class='ocrx_word' id='word_1_13' title='bbox 946 569 1330 652; x_wconf 80' lang='lat' dir='ltr'><strong>Watizlaus,</strong></span> <span class='ocrx_word' id='word_1_14' title='bbox 1377 590 1496 633; x_wconf 81' lang='lat' dir='ltr'><strong>rex</strong></span> <span class='ocrx_word' id='word_1_15' title='bbox 1530 569 1778 654; x_wconf 90' lang='lat' dir='ltr'><strong>junior,</strong></span> <span class='ocrx_word' id='word_1_16' title='bbox 1819 576 2129 651; x_wconf 78' lang='lat' dir='ltr'><strong>paternae</strong></span> <span class='ocrx_word' id='word_1_17' title='bbox 2176 564 2547 632; x_wconf 85' lang='lat' dir='ltr'><strong>devotionis</strong></span> <span class='ocrx_word' id='word_1_18' title='bbox 2576 586 2743 650; x_wconf 89' lang='lat' dir='ltr'><strong>erga</strong></span> <span class='ocrx_word' id='word_1_19' title='bbox 2772 564 2924 646; x_wconf 82' lang='lat' dir='ltr'><strong>Nos,</strong></span> 
     </span>
     <span class='ocr_line' id='line_1_4' title="bbox 544 653 2927 743; baseline -0.004 -20"><span class='ocrx_word' id='word_1_20' title='bbox 544 659 790 741; x_wconf 80' lang='lat' dir='ltr'><strong>dictum</strong></span> <span class='ocrx_word' id='word_1_21' title='bbox 837 680 1078 743; x_wconf 82' lang='lat' dir='ltr'><strong>regem,</strong></span> <span class='ocrx_word' id='word_1_22' title='bbox 1102 656 1310 723; x_wconf 88' lang='lat' dir='ltr'><strong>filium</strong></span> <span class='ocrx_word' id='word_1_23' title='bbox 1333 659 1653 737; x_wconf 85' lang='lat' dir='ltr'><strong>nostrum,</strong></span> <span class='ocrx_word' id='word_1_24' title='bbox 1686 662 1753 722; x_wconf 87' lang='lat' dir='ltr'><strong>et</strong></span> <span class='ocrx_word' id='word_1_25' title='bbox 1774 653 2151 739; x_wconf 81' lang='lat' dir='ltr'><strong>Imperium,</strong></span> <span class='ocrx_word' id='word_1_26' title='bbox 2176 654 2466 721; x_wconf 74' lang='lat' dir='ltr'><strong>imitator</strong></span> <span class='ocrx_word' id='word_1_27' title='bbox 2488 654 2555 719; x_wconf 81' lang='lat' dir='ltr'><strong>et</strong></span> <span class='ocrx_word' id='word_1_28' title='bbox 2582 672 2927 721; x_wconf 73' lang='lat' dir='ltr'><strong>successor</strong></span> 
     </span>
     <span class='ocr_line' id='line_1_5' title="bbox 530 738 2925 830; baseline -0.005 -15"><span class='ocrx_word' id='word_1_29' title='bbox 530 747 803 827; x_wconf 69' lang='lat' dir='ltr'><strong>existat,</strong></span> <span class='ocrx_word' id='word_1_30' title='bbox 846 744 1042 830; x_wconf 86' lang='lat' dir='ltr'><strong>atque</strong></span> <span class='ocrx_word' id='word_1_31' title='bbox 1079 744 1328 829; x_wconf 86' lang='lat' dir='ltr'><strong>jugiter</strong></span> <span class='ocrx_word' id='word_1_32' title='bbox 1370 752 1559 827; x_wconf 83' lang='lat' dir='ltr'><strong>grata</strong></span> <span class='ocrx_word' id='word_1_33' title='bbox 1602 750 1669 807; x_wconf 91' lang='lat' dir='ltr'><strong>et</strong></span> <span class='ocrx_word' id='word_1_34' title='bbox 1712 740 1923 807; x_wconf 85' lang='lat' dir='ltr'><strong>ardua</strong></span> <span class='ocrx_word' id='word_1_35' title='bbox 1966 740 2234 807; x_wconf 86' lang='lat' dir='ltr'><strong>servitia</strong></span> <span class='ocrx_word' id='word_1_36' title='bbox 2278 738 2551 807; x_wconf 79' lang='lat' dir='ltr'><strong>exhibet</strong></span> <span class='ocrx_word' id='word_1_37' title='bbox 2606 747 2681 803; x_wconf 88' lang='lat' dir='ltr'><strong>et</strong></span> <span class='ocrx_word' id='word_1_38' title='bbox 2748 740 2925 804; x_wconf 85' lang='lat' dir='ltr'><strong>inan·</strong></span> 
     </span>
     <span class='ocr_line' id='line_1_6' title="bbox 541 824 2924 917; baseline -0.004 -20"><span class='ocrx_word' id='word_1_39' title='bbox 541 843 652 899; x_wconf 87' lang='lat' dir='ltr'><strong>tea</strong></span> <span class='ocrx_word' id='word_1_40' title='bbox 695 830 1003 897; x_wconf 84' lang='lat' dir='ltr'><strong>exhibere</strong></span> <span class='ocrx_word' id='word_1_41' title='bbox 1048 831 1288 917; x_wconf 85' lang='lat' dir='ltr'><strong>poterit</strong></span> <span class='ocrx_word' id='word_1_42' title='bbox 1329 831 1637 914; x_wconf 86' lang='lat' dir='ltr'><strong>gratiora,</strong></span> <span class='ocrx_word' id='word_1_43' title='bbox 1683 849 1807 893; x_wconf 87' lang='lat' dir='ltr'><strong>nec</strong></span> <span class='ocrx_word' id='word_1_44' title='bbox 1850 848 1983 895; x_wconf 91' lang='lat' dir='ltr'><strong>non</strong></span> <span class='ocrx_word' id='word_1_45' title='bbox 2029 827 2227 893; x_wconf 83' lang='lat' dir='ltr'><strong>etiam</strong></span> <span class='ocrx_word' id='word_1_46' title='bbox 2271 825 2356 892; x_wconf 89' lang='lat' dir='ltr'><strong>ob</strong></span> <span class='ocrx_word' id='word_1_47' title='bbox 2402 824 2676 892; x_wconf 81' lang='lat' dir='ltr'><strong>ma‘oris</strong></span> <span class='ocrx_word' id='word_1_48' title='bbox 2728 824 2924 889; x_wconf 87' lang='lat' dir='ltr'><strong>dilec-</strong></span> 
     </span>
     <span class='ocr_line' id='line_1_7' title="bbox 541 910 2926 1003; baseline -0.005 -16"><span class='ocrx_word' id='word_1_49' title='bbox 541 920 740 989; x_wconf 83' lang='lat' dir='ltr'><strong>tionis</strong></span> <span class='ocrx_word' id='word_1_50' title='bbox 783 920 1081 1003; x_wconf 79' lang='lat' dir='ltr'><strong>gratiam,</strong></span> <span class='ocrx_word' id='word_1_51' title='bbox 1129 938 1260 1003; x_wconf 88' lang='lat' dir='ltr'><strong>qua</strong></span> <span class='ocrx_word' id='word_1_52' title='bbox 1304 938 1420 982; x_wconf 84' lang='lat' dir='ltr'><strong>suo</strong></span> <span class='ocrx_word' id='word_1_53' title='bbox 1464 918 1871 980; x_wconf 83' lang='lat' dir='ltr'><strong>incremento</strong></span> <span class='ocrx_word' id='word_1_54' title='bbox 1914 922 2231 995; x_wconf 87' lang='lat' dir='ltr'><strong>tenemur,</strong></span> <span class='ocrx_word' id='word_1_55' title='bbox 2279 932 2428 980; x_wconf 83' lang='lat' dir='ltr'><strong>cum</strong></span> <span class='ocrx_word' id='word_1_56' title='bbox 2470 910 2806 978; x_wconf 81' lang='lat' dir='ltr'><strong>ilustrem</strong></span> <span class='ocrx_word' id='word_1_57' title='bbox 2838 932 2926 975; x_wconf 87' lang='lat' dir='ltr'><strong>re-</strong></span> 
     </span>
     <span class='ocr_line' id='line_1_8' title="bbox 540 996 2929 1091; baseline -0.004 -21"><span class='ocrx_word' id='word_1_58' title='bbox 540 1008 762 1091; x_wconf 86' lang='lat' dir='ltr'><strong>ginam</strong></span> <span class='ocrx_word' id='word_1_59' title='bbox 833 1004 1359 1091; x_wconf 83' lang='lat' dir='ltr'><strong>C(unigundim),</strong></span> <span class='ocrx_word' id='word_1_60' title='bbox 1421 1001 1729 1067; x_wconf 80' lang='lat' dir='ltr'><strong>dilectam</strong></span> <span class='ocrx_word' id='word_1_61' title='bbox 1776 998 2239 1067; x_wconf 70' lang='lat' dir='ltr'><strong>consobrinam</strong></span> <span class='ocrx_word' id='word_1_62' title='bbox 2296 1007 2623 1079; x_wconf 80' lang='lat' dir='ltr'><strong>nostram,</strong></span> <span class='ocrx_word' id='word_1_63' title='bbox 2689 996 2929 1063; x_wconf 78' lang='lat' dir='ltr'><strong>habeat</strong></span> 
     </span>
     <span class='ocr_line' id='line_1_9' title="bbox 541 1082 2927 1163; baseline -0.005 -6"><span class='ocrx_word' id='word_1_64' title='bbox 541 1092 822 1159; x_wconf 82' lang='lat' dir='ltr'><strong>feliciter</strong></span> <span class='ocrx_word' id='word_1_65' title='bbox 865 1093 935 1155; x_wconf 92' lang='lat' dir='ltr'><strong>in</strong></span> <span class='ocrx_word' id='word_1_66' title='bbox 981 1099 1382 1163; x_wconf 85' lang='lat' dir='ltr'><strong>consortem:</strong></span> <span class='ocrx_word' id='word_1_67' title='bbox 1427 1088 1873 1153; x_wconf 76' lang='lat' dir='ltr'><strong>concessionis</strong></span> <span class='ocrx_word' id='word_1_68' title='bbox 1916 1086 2173 1153; x_wconf 83' lang='lat' dir='ltr'><strong>dudum</strong></span> <span class='ocrx_word' id='word_1_69' title='bbox 2217 1084 2481 1151; x_wconf 84' lang='lat' dir='ltr'><strong>habitae</strong></span> <span class='ocrx_word' id='word_1_70' title='bbox 2526 1105 2815 1151; x_wconf 82' lang='lat' dir='ltr'><strong>munera</strong></span> <span class='ocrx_word' id='word_1_71' title='bbox 2858 1082 2927 1147; x_wconf 92' lang='lat' dir='ltr'><strong>li—</strong></span> 
     </span>
     <span class='ocr_line' id='line_1_10' title="bbox 539 1170 2925 1263; baseline -0.006 -16"><span class='ocrx_word' id='word_1_72' title='bbox 539 1177 851 1247; x_wconf 86' lang='lat' dir='ltr'><strong>beraliter</strong></span> <span class='ocrx_word' id='word_1_73' title='bbox 893 1184 1378 1263; x_wconf 74' lang='lat' dir='ltr'><strong>persequentes,</strong></span> <span class='ocrx_word' id='word_1_74' title='bbox 1425 1196 1701 1261; x_wconf 88' lang='lat' dir='ltr'><strong>regnum</strong></span> <span class='ocrx_word' id='word_1_75' title='bbox 1749 1174 2062 1241; x_wconf 89' lang='lat' dir='ltr'><strong>Boemiae</strong></span> <span class='ocrx_word' id='word_1_76' title='bbox 2105 1194 2257 1239; x_wconf 88' lang='lat' dir='ltr'><strong>cum</strong></span> <span class='ocrx_word' id='word_1_77' title='bbox 2302 1172 2481 1237; x_wconf 87' lang='lat' dir='ltr'><strong>omni</strong></span> <span class='ocrx_word' id='word_1_78' title='bbox 2534 1170 2793 1237; x_wconf 85' lang='lat' dir='ltr'><strong>honore</strong></span> <span class='ocrx_word' id='word_1_79' title='bbox 2850 1190 2925 1234; x_wconf 90' lang='lat' dir='ltr'><strong>ac</strong></span> 
     </span>
     <span class='ocr_line' id='line_1_11' title="bbox 544 1258 2927 1351; baseline -0.007 -14"><span class='ocrx_word' id='word_1_80' title='bbox 544 1267 884 1351; x_wconf 76' lang='lat' dir='ltr'><strong>dignitate,</strong></span> <span class='ocrx_word' id='word_1_81' title='bbox 929 1265 1322 1340; x_wconf 86' lang='lat' dir='ltr'><strong>civitatibus,</strong></span> <span class='ocrx_word' id='word_1_82' title='bbox 1369 1265 1619 1338; x_wconf 86' lang='lat' dir='ltr'><strong>castris,</strong></span> <span class='ocrx_word' id='word_1_83' title='bbox 1670 1259 1843 1327; x_wconf 86' lang='lat' dir='ltr'><strong>villis</strong></span> <span class='ocrx_word' id='word_1_84' title='bbox 1904 1269 1969 1325; x_wconf 87' lang='lat' dir='ltr'><strong>et</strong></span> <span class='ocrx_word' id='word_1_85' title='bbox 2036 1260 2227 1325; x_wconf 84' lang='lat' dir='ltr'><strong>terris</strong></span> <span class='ocrx_word' id='word_1_86' title='bbox 2272 1258 2489 1325; x_wconf 80' lang='lat' dir='ltr'><strong>eidem</strong></span> <span class='ocrx_word' id='word_1_87' title='bbox 2532 1279 2745 1345; x_wconf 79' lang='lat' dir='ltr'><strong>regno</strong></span> <span class='ocrx_word' id='word_1_88' title='bbox 2791 1276 2927 1343; x_wconf 86' lang='lat' dir='ltr'><strong>per·</strong></span> 
     </span>
     <span class='ocr_line' id='line_1_12' title="bbox 543 1345 2927 1435; baseline -0.005 -16"><span class='ocrx_word' id='word_1_89' title='bbox 543 1350 906 1419; x_wconf 84' lang='lat' dir='ltr'><strong>tinentibus</strong></span> <span class='ocrx_word' id='word_1_90' title='bbox 952 1360 1018 1417; x_wconf 89' lang='lat' dir='ltr'><strong>et</strong></span> <span class='ocrx_word' id='word_1_91' title='bbox 1061 1371 1208 1415; x_wconf 89' lang='lat' dir='ltr'><strong>cum</strong></span> <span class='ocrx_word' id='word_1_92' title='bbox 1255 1350 1436 1416; x_wconf 86' lang='lat' dir='ltr'><strong>omni</strong></span> <span class='ocrx_word' id='word_1_93' title='bbox 1470 1350 1643 1435; x_wconf 89' lang='lat' dir='ltr'><strong>jure,</strong></span> <span class='ocrx_word' id='word_1_94' title='bbox 1690 1368 1819 1433; x_wconf 87' lang='lat' dir='ltr'><strong>quo</strong></span> <span class='ocrx_word' id='word_1_95' title='bbox 1863 1345 2077 1413; x_wconf 82' lang='lat' dir='ltr'><strong>dictus</strong></span> <span class='ocrx_word' id='word_1_96' title='bbox 2120 1366 2260 1427; x_wconf 58' lang='lat' dir='ltr'><strong>reis,</strong></span> <span class='ocrx_word' id='word_1_97' title='bbox 2306 1354 2494 1431; x_wconf 80' lang='lat' dir='ltr'><strong>pater</strong></span> <span class='ocrx_word' id='word_1_98' title='bbox 2538 1346 2709 1431; x_wconf 73' lang='lat' dir='ltr'><strong>qius,</strong></span> <span class='ocrx_word' id='word_1_99' title='bbox 2756 1346 2927 1409; x_wconf 88' lang='lat' dir='ltr'><strong>idem</strong></span> 
     </span>
     <span class='ocr_line' id='line_1_13' title="bbox 527 1430 2922 1525; baseline -0.004 -20"><span class='ocrx_word' id='word_1_100' title='bbox 527 1460 817 1525; x_wconf 62' lang='lat' dir='ltr'><strong>‚regnum</strong></span> <span class='ocrx_word' id='word_1_101' title='bbox 859 1436 1338 1503; x_wconf 80' lang='lat' dir='ltr'><strong>rationabiliter</strong></span> <span class='ocrx_word' id='word_1_102' title='bbox 1380 1437 1674 1501; x_wconf 84' lang='lat' dir='ltr'><strong>noscitur</strong></span> <span class='ocrx_word' id='word_1_103' title='bbox 1692 1432 2083 1521; x_wconf 87' lang='lat' dir='ltr'><strong>possedisse,</strong></span> <span class='ocrx_word' id='word_1_104' title='bbox 2106 1430 2466 1519; x_wconf 88' lang='lat' dir='ltr'><strong>imperialis</strong></span> <span class='ocrx_word' id='word_1_105' title='bbox 2508 1432 2922 1499; x_wconf 80' lang='lat' dir='ltr'><strong>auctoritatis</strong></span> 
     </span>
     <span class='ocr_line' id='line_1_14' title="bbox 540 1518 2924 1609; baseline -0.004 -18"><span class='ocrx_word' id='word_1_106' title='bbox 540 1524 901 1591; x_wconf 86' lang='lat' dir='ltr'><strong>munimine</strong></span> <span class='ocrx_word' id='word_1_107' title='bbox 945 1524 1408 1589; x_wconf 87' lang='lat' dir='ltr'><strong>confirmamus</strong></span> <span class='ocrx_word' id='word_1_108' title='bbox 1451 1520 1749 1609; x_wconf 82' lang='lat' dir='ltr'><strong>praefato</strong></span> <span class='ocrx_word' id='word_1_109' title='bbox 1791 1520 2139 1600; x_wconf 80' lang='lat' dir='ltr'><strong>Watizlao,</strong></span> <span class='ocrx_word' id='word_1_110' title='bbox 2186 1518 2429 1605; x_wconf 79' lang='lat' dir='ltr'><strong>juniori</strong></span> <span class='ocrx_word' id='word_1_111' title='bbox 2474 1520 2635 1603; x_wconf 77' lang='lat' dir='ltr'><strong>regi,</strong></span> <span class='ocrx_word' id='word_1_112' title='bbox 2696 1526 2924 1585; x_wconf 85' lang='lat' dir='ltr'><strong>tenen·</strong></span> 
     </span>
     <span class='ocr_line' id='line_1_15' title="bbox 545 1604 2925 1695; baseline -0.004 -16"><span class='ocrx_word' id='word_1_113' title='bbox 545 1612 702 1680; x_wconf 81' lang='lat' dir='ltr'><strong>dum</strong></span> <span class='ocrx_word' id='word_1_114' title='bbox 752 1620 818 1677; x_wconf 84' lang='lat' dir='ltr'><strong>et</strong></span> <span class='ocrx_word' id='word_1_115' title='bbox 859 1609 1364 1695; x_wconf 82' lang='lat' dir='ltr'><strong>possidendum,</strong></span> <span class='ocrx_word' id='word_1_116' title='bbox 1425 1610 1597 1673; x_wconf 91' lang='lat' dir='ltr'><strong>sicut</strong></span> <span class='ocrx_word' id='word_1_117' title='bbox 1652 1616 1875 1673; x_wconf 88' lang='lat' dir='ltr'><strong>tenere</strong></span> <span class='ocrx_word' id='word_1_118' title='bbox 1936 1605 2134 1671; x_wconf 87' lang='lat' dir='ltr'><strong>debet</strong></span> <span class='ocrx_word' id='word_1_119' title='bbox 2188 1626 2230 1669; x_wconf 88' lang='lat' dir='ltr'><strong>a</strong></span> <span class='ocrx_word' id='word_1_120' title='bbox 2275 1605 2464 1671; x_wconf 89' lang='lat' dir='ltr'><strong>nobis</strong></span> <span class='ocrx_word' id='word_1_121' title='bbox 2506 1615 2575 1671; x_wconf 89' lang='lat' dir='ltr'><strong>et</strong></span> <span class='ocrx_word' id='word_1_122' title='bbox 2612 1604 2925 1691; x_wconf 88' lang='lat' dir='ltr'><strong>Imperio.</strong></span> 
     </span>
     <span class='ocr_line' id='line_1_16' title="bbox 501 1690 2926 1781; baseline -0.003 -19"><span class='ocrx_word' id='word_1_123' title='bbox 501 1704 509 1716; x_wconf 78' lang='grc'><strong>“’</strong></span> <span class='ocrx_word' id='word_1_124' title='bbox 719 1696 1093 1761; x_wconf 87' lang='lat' dir='ltr'><strong>Praesentis</strong></span> <span class='ocrx_word' id='word_1_125' title='bbox 1136 1695 1464 1781; x_wconf 86' lang='lat' dir='ltr'><strong>privilegii</strong></span> <span class='ocrx_word' id='word_1_126' title='bbox 1486 1695 1875 1759; x_wconf 66' lang='lat' dir='ltr'><strong>‚auctoritate</strong></span> <span class='ocrx_word' id='word_1_127' title='bbox 1904 1692 2311 1771; x_wconf 84' lang='lat' dir='ltr'><strong>mandamus,</strong></span> <span class='ocrx_word' id='word_1_128' title='bbox 2352 1692 2663 1777; x_wconf 80' lang='lat' dir='ltr'><strong>quatinus</strong></span> <span class='ocrx_word' id='word_1_129' title='bbox 2710 1690 2926 1757; x_wconf 89' lang='lat' dir='ltr'><strong>nullus</strong></span> 
     </span>
     <span class='ocr_line' id='line_1_17' title="bbox 545 1776 2927 1872; baseline -0.005 -19"><span class='ocrx_word' id='word_1_130' title='bbox 545 1786 852 1872; x_wconf 83' lang='lat' dir='ltr'><strong>princeps</strong></span> <span class='ocrx_word' id='word_1_131' title='bbox 875 1829 892 1864; x_wconf 95' lang='lat'><strong>,</strong></span> <span class='ocrx_word' id='word_1_132' title='bbox 973 1780 1144 1862; x_wconf 84' lang='lat' dir='ltr'><strong>dux,</strong></span> <span class='ocrx_word' id='word_1_133' title='bbox 1215 1782 1538 1861; x_wconf 81' lang='lat' dir='ltr'><strong>marchiO,</strong></span> <span class='ocrx_word' id='word_1_134' title='bbox 1608 1801 1861 1861; x_wconf 87' lang='lat' dir='ltr'><strong>comes,</strong></span> <span class='ocrx_word' id='word_1_135' title='bbox 1920 1778 2195 1864; x_wconf 82' lang='lat' dir='ltr'><strong>legatus,</strong></span> <span class='ocrx_word' id='word_1_136' title='bbox 2254 1777 2569 1863; x_wconf 85' lang='lat' dir='ltr'><strong>nullaque</strong></span> <span class='ocrx_word' id='word_1_137' title='bbox 2628 1776 2927 1845; x_wconf 86' lang='lat' dir='ltr'><strong>sublimis</strong></span> 
     </span>
     <span class='ocr_line' id='line_1_18' title="bbox 545 1864 2925 1957; baseline -0.003 -21"><span class='ocrx_word' id='word_1_138' title='bbox 545 1890 829 1957; x_wconf 88' lang='lat' dir='ltr'><strong>persona</strong></span> <span class='ocrx_word' id='word_1_139' title='bbox 872 1868 982 1936; x_wconf 89' lang='lat' dir='ltr'><strong>vel</strong></span> <span class='ocrx_word' id='word_1_140' title='bbox 1025 1867 1309 1949; x_wconf 85' lang='lat' dir='ltr'><strong>humilis,</strong></span> <span class='ocrx_word' id='word_1_141' title='bbox 1357 1866 1803 1933; x_wconf 86' lang='lat' dir='ltr'><strong>ecclesiastica</strong></span> <span class='ocrx_word' id='word_1_142' title='bbox 1859 1865 1965 1932; x_wconf 83' lang='lat' dir='ltr'><strong>vel</strong></span> <span class='ocrx_word' id='word_1_143' title='bbox 2025 1864 2392 1941; x_wconf 77' lang='lat' dir='ltr'><strong>mundana,</strong></span> <span class='ocrx_word' id='word_1_144' title='bbox 2454 1872 2687 1931; x_wconf 85' lang='lat' dir='ltr'><strong>contra</strong></span> <span class='ocrx_word' id='word_1_145' title='bbox 2746 1885 2925 1951; x_wconf 88' lang='lat' dir='ltr'><strong>prae-</strong></span> 
     </span>
     <span class='ocr_line' id='line_1_19' title="bbox 547 1951 2924 2038; baseline -0.003 -15"><span class='ocrx_word' id='word_1_146' title='bbox 547 1958 750 2023; x_wconf 89' lang='lat' dir='ltr'><strong>sentis</strong></span> <span class='ocrx_word' id='word_1_147' title='bbox 819 1954 1328 2020; x_wconf 88' lang='lat' dir='ltr'><strong>confirmationis</strong></span> <span class='ocrx_word' id='word_1_148' title='bbox 1397 1962 1661 2018; x_wconf 88' lang='lat' dir='ltr'><strong>nostrae</strong></span> <span class='ocrx_word' id='word_1_149' title='bbox 1729 1951 2013 2017; x_wconf 84' lang='lat' dir='ltr'><strong>divalem</strong></span> <span class='ocrx_word' id='word_1_150' title='bbox 2074 1952 2385 2037; x_wconf 85' lang='lat' dir='ltr'><strong>paginam</strong></span> <span class='ocrx_word' id='word_1_151' title='bbox 2446 1952 2675 2020; x_wconf 81' lang='lat' dir='ltr'><strong>venire</strong></span> <span class='ocrx_word' id='word_1_152' title='bbox 2738 1972 2924 2038; x_wconf 78' lang='lat' dir='ltr'><strong>prae-</strong></span> 
     </span>
     <span class='ocr_line' id='line_1_20' title="bbox 548 2036 2924 2128; baseline -0.003 -21"><span class='ocrx_word' id='word_1_153' title='bbox 548 2051 780 2124; x_wconf 86' lang='lat' dir='ltr'><strong>sumat,</strong></span> <span class='ocrx_word' id='word_1_154' title='bbox 828 2042 1002 2127; x_wconf 88' lang='lat' dir='ltr'><strong>quod</strong></span> <span class='ocrx_word' id='word_1_155' title='bbox 1065 2043 1175 2128; x_wconf 87' lang='lat' dir='ltr'><strong>qui</strong></span> <span class='ocrx_word' id='word_1_156' title='bbox 1221 2042 1753 2127; x_wconf 77' lang='lat' dir='ltr'><strong>praesumpserit,</strong></span> <span class='ocrx_word' id='word_1_157' title='bbox 1807 2059 2022 2125; x_wconf 90' lang='lat' dir='ltr'><strong>poena</strong></span> <span class='ocrx_word' id='word_1_158' title='bbox 2065 2037 2245 2104; x_wconf 90' lang='lat' dir='ltr'><strong>mille</strong></span> <span class='ocrx_word' id='word_1_159' title='bbox 2304 2036 2618 2103; x_wconf 87' lang='lat' dir='ltr'><strong>librarum</strong></span> <span class='ocrx_word' id='word_1_160' title='bbox 2666 2040 2817 2103; x_wconf 84' lang='lat' dir='ltr'><strong>auri</strong></span> <span class='ocrx_word' id='word_1_161' title='bbox 2860 2057 2924 2101; x_wconf 89' lang='lat' dir='ltr'><strong>se</strong></span> 
     </span>
     <span class='ocr_line' id='line_1_21' title="bbox 547 2126 2925 2216; baseline -0.003 -23"><span class='ocrx_word' id='word_1_162' title='bbox 547 2129 1051 2216; x_wconf 84' lang='lat' dir='ltr'><strong>composituram</strong></span> <span class='ocrx_word' id='word_1_163' title='bbox 1098 2135 1429 2213; x_wconf 86' lang='lat' dir='ltr'><strong>agnoscat,</strong></span> <span class='ocrx_word' id='word_1_164' title='bbox 1477 2148 1751 2213; x_wconf 88' lang='lat' dir='ltr'><strong>quarum</strong></span> <span class='ocrx_word' id='word_1_165' title='bbox 1800 2126 2213 2191; x_wconf 87' lang='lat' dir='ltr'><strong>medietatem</strong></span> <span class='ocrx_word' id='word_1_166' title='bbox 2276 2126 2492 2189; x_wconf 89' lang='lat' dir='ltr'><strong>curiae</strong></span> <span class='ocrx_word' id='word_1_167' title='bbox 2552 2134 2823 2191; x_wconf 87' lang='lat' dir='ltr'><strong>nostrae</strong></span> <span class='ocrx_word' id='word_1_168' title='bbox 2866 2131 2925 2189; x_wconf 92' lang='lat' dir='ltr'><strong>et</strong></span> 
     </span>
     <span class='ocr_line' id='line_1_22' title="bbox 546 2210 2559 2301; baseline -0.003 -20"><span class='ocrx_word' id='word_1_169' title='bbox 546 2214 863 2301; x_wconf 86' lang='lat' dir='ltr'><strong>reliquam</strong></span> <span class='ocrx_word' id='word_1_170' title='bbox 909 2216 1080 2299; x_wconf 87' lang='lat' dir='ltr'><strong>parti</strong></span> <span class='ocrx_word' id='word_1_171' title='bbox 1123 2236 1359 2299; x_wconf 87' lang='lat' dir='ltr'><strong>passae</strong></span> <span class='ocrx_word' id='word_1_172' title='bbox 1403 2214 1716 2300; x_wconf 83' lang='lat' dir='ltr'><strong>injuriam</strong></span> <span class='ocrx_word' id='word_1_173' title='bbox 1748 2216 1830 2277; x_wconf 80' lang='lat' dir='ltr'><strong>&#39;se</strong></span> <span class='ocrx_word' id='word_1_174' title='bbox 1874 2212 2133 2277; x_wconf 80' lang='lat' dir='ltr'><strong>noverit</strong></span> <span class='ocrx_word' id='word_1_175' title='bbox 2176 2210 2559 2275; x_wconf 87' lang='lat' dir='ltr'><strong>soluturum.</strong></span> 
     </span>
    </p>

    <p class='ocr_par' dir='ltr' id='par_1_3' title="bbox 546 2296 2924 2560">
     <span class='ocr_line' id='line_1_23' title="bbox 719 2296 2923 2386; baseline -0.003 -21"><span class='ocrx_word' id='word_1_176' title='bbox 719 2300 829 2365; x_wconf 83' lang='lat' dir='ltr'><strong>Ad</strong></span> <span class='ocrx_word' id='word_1_177' title='bbox 873 2300 1069 2385; x_wconf 84' lang='lat' dir='ltr'><strong>hujus</strong></span> <span class='ocrx_word' id='word_1_178' title='bbox 1114 2299 1334 2386; x_wconf 84' lang='lat' dir='ltr'><strong>itaque</strong></span> <span class='ocrx_word' id='word_1_179' title='bbox 1378 2308 1638 2366; x_wconf 86' lang='lat' dir='ltr'><strong>nostrae</strong></span> <span class='ocrx_word' id='word_1_180' title='bbox 1684 2298 2197 2363; x_wconf 88' lang='lat' dir='ltr'><strong>confirmationis</strong></span> <span class='ocrx_word' id='word_1_181' title='bbox 2224 2298 2605 2363; x_wconf 84' lang='lat' dir='ltr'><strong>memoriam</strong></span> <span class='ocrx_word' id='word_1_182' title='bbox 2630 2306 2701 2363; x_wconf 87' lang='lat' dir='ltr'><strong>et</strong></span> <span class='ocrx_word' id='word_1_183' title='bbox 2730 2296 2923 2363; x_wconf 88' lang='lat' dir='ltr'><strong>robur</strong></span> 
     </span>
     <span class='ocr_line' id='line_1_24' title="bbox 547 2383 2924 2474; baseline -0.002 -21"><span class='ocrx_word' id='word_1_184' title='bbox 547 2395 862 2474; x_wconf 85' lang='lat' dir='ltr'><strong>perpetuo</strong></span> <span class='ocrx_word' id='word_1_185' title='bbox 907 2384 1258 2451; x_wconf 86' lang='lat' dir='ltr'><strong>valiturum</strong></span> <span class='ocrx_word' id='word_1_186' title='bbox 1307 2407 1620 2472; x_wconf 85' lang='lat' dir='ltr'><strong>praesens</strong></span> <span class='ocrx_word' id='word_1_187' title='bbox 1678 2384 2095 2471; x_wconf 81' lang='lat' dir='ltr'><strong>privilegium</strong></span> <span class='ocrx_word' id='word_1_188' title='bbox 2154 2384 2299 2448; x_wconf 84' lang='lat' dir='ltr'><strong>fieri</strong></span> <span class='ocrx_word' id='word_1_189' title='bbox 2357 2392 2426 2448; x_wconf 89' lang='lat' dir='ltr'><strong>et</strong></span> <span class='ocrx_word' id='word_1_190' title='bbox 2482 2383 2671 2451; x_wconf 84' lang='lat' dir='ltr'><strong>bulla</strong></span> <span class='ocrx_word' id='word_1_191' title='bbox 2730 2404 2924 2449; x_wconf 88' lang='lat' dir='ltr'><strong>aurea</strong></span> 
     </span>
     <span class='ocr_line' id='line_1_25' title="bbox 546 2471 2708 2560; baseline -0 -22"><span class='ocrx_word' id='word_1_192' title='bbox 546 2475 808 2560; x_wconf 82' lang='lat' dir='ltr'><strong>typario</strong></span> <span class='ocrx_word' id='word_1_193' title='bbox 853 2480 1112 2537; x_wconf 85' lang='lat' dir='ltr'><strong>nostrae</strong></span> <span class='ocrx_word' id='word_1_194' title='bbox 1158 2474 1520 2559; x_wconf 87' lang='lat' dir='ltr'><strong>majestatis</strong></span> <span class='ocrx_word' id='word_1_195' title='bbox 1564 2474 1886 2557; x_wconf 85' lang='lat' dir='ltr'><strong>impressa</strong></span> <span class='ocrx_word' id='word_1_196' title='bbox 1922 2471 2244 2555; x_wconf 86' lang='lat' dir='ltr'><strong>jussimus</strong></span> <span class='ocrx_word' id='word_1_197' title='bbox 2292 2471 2708 2537; x_wconf 86' lang='lat' dir='ltr'><strong>communiri.</strong></span> 
     </span>
    </p>

    <p class='ocr_par' dir='ltr' id='par_1_4' title="bbox 545 2555 2922 3421">
     <span class='ocr_line' id='line_1_26' title="bbox 721 2555 2921 2645; baseline -0 -23"><span class='ocrx_word' id='word_1_198' title='bbox 721 2558 942 2645; x_wconf 89' lang='lat' dir='ltr'><strong>Hujus</strong></span> <span class='ocrx_word' id='word_1_199' title='bbox 988 2566 1204 2623; x_wconf 86' lang='lat' dir='ltr'><strong>autem</strong></span> <span class='ocrx_word' id='word_1_200' title='bbox 1250 2560 1344 2623; x_wconf 87' lang='lat' dir='ltr'><strong>rei</strong></span> <span class='ocrx_word' id='word_1_201' title='bbox 1391 2567 1590 2623; x_wconf 89' lang='lat' dir='ltr'><strong>testes</strong></span> <span class='ocrx_word' id='word_1_202' title='bbox 1636 2564 1821 2623; x_wconf 87' lang='lat' dir='ltr'><strong>sunt:</strong></span> <span class='ocrx_word' id='word_1_203' title='bbox 1870 2555 2099 2622; x_wconf 87' lang='lat' dir='ltr'><strong>Lando</strong></span> <span class='ocrx_word' id='word_1_204' title='bbox 2148 2556 2481 2641; x_wconf 86' lang='lat' dir='ltr'><strong>Reginus,</strong></span> <span class='ocrx_word' id='word_1_205' title='bbox 2540 2557 2645 2623; x_wconf 86' lang='lat' dir='ltr'><strong>Ja.</strong></span> <span class='ocrx_word' id='word_1_206' title='bbox 2714 2556 2921 2643; x_wconf 82' lang='lat' dir='ltr'><strong>Capu·</strong></span> 
     </span>
     <span class='ocr_line' id='line_1_27' title="bbox 549 2642 2922 2728; baseline -0.001 -19"><span class='ocrx_word' id='word_1_207' title='bbox 549 2666 716 2710; x_wconf 89' lang='lat' dir='ltr'><strong>anus</strong></span> <span class='ocrx_word' id='word_1_208' title='bbox 761 2654 828 2709; x_wconf 87' lang='lat' dir='ltr'><strong>et</strong></span> <span class='ocrx_word' id='word_1_209' title='bbox 870 2644 1166 2709; x_wconf 82' lang='lat' dir='ltr'><strong>Marinus</strong></span> <span class='ocrx_word' id='word_1_210' title='bbox 1213 2646 1526 2709; x_wconf 76' lang='lat' dir='ltr'><strong>Bar-ensis</strong></span> <span class='ocrx_word' id='word_1_211' title='bbox 1579 2643 1987 2728; x_wconf 84' lang='lat' dir='ltr'><strong>archiepisco</strong></span> <span class='ocrx_word' id='word_1_212' title='bbox 2038 2644 2093 2719; x_wconf 90' lang='lat' dir='ltr'><strong>i,</strong></span> <span class='ocrx_word' id='word_1_213' title='bbox 2154 2642 2513 2709; x_wconf 81' lang='lat' dir='ltr'><strong>familiares</strong></span> <span class='ocrx_word' id='word_1_214' title='bbox 2570 2652 2643 2709; x_wconf 88' lang='lat' dir='ltr'><strong>et</strong></span> <span class='ocrx_word' id='word_1_215' title='bbox 2700 2642 2922 2709; x_wconf 82' lang='lat' dir='ltr'><strong>fideles</strong></span> 
     </span>
     <span class='ocr_line' id='line_1_28' title="bbox 547 2728 2918 2817; baseline -0.001 -22"><span class='ocrx_word' id='word_1_216' title='bbox 547 2732 755 2795; x_wconf 87' lang='lat' dir='ltr'><strong>nostri</strong></span> <span class='ocrx_word' id='word_1_217' title='bbox 801 2780 815 2797; x_wconf 93' lang='lat'><strong>.</strong></span> <span class='ocrx_word' id='word_1_218' title='bbox 865 2781 879 2796; x_wconf 89' lang='lat'><strong>.</strong></span> <span class='ocrx_word' id='word_1_219' title='bbox 928 2779 943 2795; x_wconf 91' lang='lat'><strong>.</strong></span> <span class='ocrx_word' id='word_1_220' title='bbox 992 2730 1442 2797; x_wconf 71' lang='lat' dir='ltr'><strong>salernitanus</strong></span> <span class='ocrx_word' id='word_1_221' title='bbox 1489 2740 1555 2795; x_wconf 84' lang='lat' dir='ltr'><strong>et</strong></span> <span class='ocrx_word' id='word_1_222' title='bbox 1619 2730 1724 2796; x_wconf 90' lang='lat' dir='ltr'><strong>Pe.</strong></span> <span class='ocrx_word' id='word_1_223' title='bbox 1788 2732 1971 2795; x_wconf 90' lang='lat' dir='ltr'><strong>Brun</strong></span> <span class='ocrx_word' id='word_1_224' title='bbox 2022 2730 2249 2795; x_wconf 84' lang='lat' dir='ltr'><strong>usinus</strong></span> <span class='ocrx_word' id='word_1_225' title='bbox 2310 2728 2809 2817; x_wconf 85' lang='lat' dir='ltr'><strong>archiepiscopi,</strong></span> <span class='ocrx_word' id='word_1_226' title='bbox 2850 2730 2918 2793; x_wconf 84' lang='lat' dir='ltr'><strong>R.</strong></span> 
     </span>
     <span class='ocr_line' id='line_1_29' title="bbox 547 2816 2922 2903; baseline -0.003 -20"><span class='ocrx_word' id='word_1_227' title='bbox 547 2817 907 2883; x_wconf 86' lang='lat' dir='ltr'><strong>Melfiensis</strong></span> <span class='ocrx_word' id='word_1_228' title='bbox 953 2825 1016 2881; x_wconf 90' lang='lat' dir='ltr'><strong>et</strong></span> <span class='ocrx_word' id='word_1_229' title='bbox 1061 2818 1130 2881; x_wconf 83' lang='lat' dir='ltr'><strong>P.</strong></span> <span class='ocrx_word' id='word_1_230' title='bbox 1157 2816 1569 2883; x_wconf 86' lang='lat' dir='ltr'><strong>Rauellensis</strong></span> <span class='ocrx_word' id='word_1_231' title='bbox 1594 2818 1909 2903; x_wconf 86' lang='lat' dir='ltr'><strong>episcopi,</strong></span> <span class='ocrx_word' id='word_1_232' title='bbox 1938 2818 2141 2881; x_wconf 88' lang='lat' dir='ltr'><strong>frater</strong></span> <span class='ocrx_word' id='word_1_233' title='bbox 2160 2816 2583 2881; x_wconf 86' lang='lat' dir='ltr'><strong>Hermannus</strong></span> <span class='ocrx_word' id='word_1_234' title='bbox 2615 2818 2922 2903; x_wconf 88' lang='lat' dir='ltr'><strong>magister</strong></span> 
     </span>
     <span class='ocr_line' id='line_1_30' title="bbox 549 2901 2919 2990; baseline -0.001 -23"><span class='ocrx_word' id='word_1_235' title='bbox 549 2903 888 2990; x_wconf 88' lang='lat' dir='ltr'><strong>hospitalis</strong></span> <span class='ocrx_word' id='word_1_236' title='bbox 934 2904 1213 2969; x_wconf 84' lang='lat' dir='ltr'><strong>Sanctae</strong></span> <span class='ocrx_word' id='word_1_237' title='bbox 1255 2904 1468 2969; x_wconf 89' lang='lat' dir='ltr'><strong>Maria</strong></span> <span class='ocrx_word' id='word_1_238' title='bbox 1510 2903 2064 2969; x_wconf 85' lang='lat' dir='ltr'><strong>Theutonicorum</strong></span> <span class='ocrx_word' id='word_1_239' title='bbox 2084 2903 2154 2970; x_wconf 91' lang='lat' dir='ltr'><strong>in</strong></span> <span class='ocrx_word' id='word_1_240' title='bbox 2179 2902 2564 2984; x_wconf 85' lang='lat' dir='ltr'><strong>Jerusalem,</strong></span> <span class='ocrx_word' id='word_1_241' title='bbox 2590 2901 2919 2971; x_wconf 86' lang='lat' dir='ltr'><strong>Pebardus</strong></span> 
     </span>
     <span class='ocr_line' id='line_1_31' title="bbox 545 2988 2910 3075; baseline -0.001 -20"><span class='ocrx_word' id='word_1_242' title='bbox 545 2990 630 3055; x_wconf 78' lang='lat' dir='ltr'><strong>‚de</strong></span> <span class='ocrx_word' id='word_1_243' title='bbox 669 2991 1068 3075; x_wconf 87' lang='lat' dir='ltr'><strong>Arneysten,</strong></span> <span class='ocrx_word' id='word_1_244' title='bbox 1114 2988 1175 3055; x_wconf 91' lang='lat' dir='ltr'><strong>le</strong></span> <span class='ocrx_word' id='word_1_245' title='bbox 1224 2997 1368 3053; x_wconf 89' lang='lat' dir='ltr'><strong>atus</strong></span> <span class='ocrx_word' id='word_1_246' title='bbox 1413 2990 1482 3053; x_wconf 89' lang='lat' dir='ltr'><strong>in</strong></span> <span class='ocrx_word' id='word_1_247' title='bbox 1525 2989 1722 3055; x_wconf 87' lang='lat' dir='ltr'><strong>Italia</strong></span> <span class='ocrx_word' id='word_1_248' title='bbox 1768 3037 1784 3053; x_wconf 94' lang='lat'><strong>.</strong></span> <span class='ocrx_word' id='word_1_249' title='bbox 1832 3039 1846 3054; x_wconf 91' lang='lat'><strong>.</strong></span> <span class='ocrx_word' id='word_1_250' title='bbox 1892 3036 1905 3050; x_wconf 86' lang='lat'><em>.</em></span> <span class='ocrx_word' id='word_1_251' title='bbox 1955 2989 2333 3074; x_wconf 83' lang='lat' dir='ltr'><strong>langravius</strong></span> <span class='ocrx_word' id='word_1_252' title='bbox 2358 2989 2441 3055; x_wconf 88' lang='lat' dir='ltr'><strong>de</strong></span> <span class='ocrx_word' id='word_1_253' title='bbox 2470 2988 2910 3071; x_wconf 85' lang='lat' dir='ltr'><strong>Luckimber.,</strong></span> 
     </span>
     <span class='ocr_line' id='line_1_32' title="bbox 552 3074 2918 3157; baseline -0.001 -15"><span class='ocrx_word' id='word_1_254' title='bbox 552 3098 773 3142; x_wconf 89' lang='lat' dir='ltr'><strong>comes</strong></span> <span class='ocrx_word' id='word_1_255' title='bbox 816 3076 1139 3141; x_wconf 86' lang='lat' dir='ltr'><strong>Perardus</strong></span> <span class='ocrx_word' id='word_1_256' title='bbox 1232 3098 1268 3139; x_wconf 89' lang='lat' dir='ltr'><strong>e</strong></span> <span class='ocrx_word' id='word_1_257' title='bbox 1313 3075 1607 3157; x_wconf 87' lang='lat' dir='ltr'><strong>Saumes,</strong></span> <span class='ocrx_word' id='word_1_258' title='bbox 1668 3075 2043 3141; x_wconf 88' lang='lat' dir='ltr'><strong>Fridericus</strong></span> <span class='ocrx_word' id='word_1_259' title='bbox 2090 3075 2171 3141; x_wconf 89' lang='lat' dir='ltr'><strong>de</strong></span> <span class='ocrx_word' id='word_1_260' title='bbox 2214 3076 2395 3141; x_wconf 87' lang='lat' dir='ltr'><strong>Karo</strong></span> <span class='ocrx_word' id='word_1_261' title='bbox 2454 3084 2521 3141; x_wconf 91' lang='lat' dir='ltr'><strong>et</strong></span> <span class='ocrx_word' id='word_1_262' title='bbox 2580 3074 2918 3143; x_wconf 82' lang='lat' dir='ltr'><strong>Conradus</strong></span> 
     </span>
     <span class='ocr_line' id='line_1_33' title="bbox 554 3160 2919 3244; baseline -0.001 -16"><span class='ocrx_word' id='word_1_263' title='bbox 554 3164 636 3228; x_wconf 89' lang='lat' dir='ltr'><strong>de</strong></span> <span class='ocrx_word' id='word_1_264' title='bbox 681 3162 1070 3244; x_wconf 81' lang='lat' dir='ltr'><strong>Smidiluelt,</strong></span> <span class='ocrx_word' id='word_1_265' title='bbox 1113 3160 1482 3227; x_wconf 86' lang='lat' dir='ltr'><strong>Manfridus</strong></span> <span class='ocrx_word' id='word_1_266' title='bbox 1528 3160 1817 3228; x_wconf 88' lang='lat' dir='ltr'><strong>marchio</strong></span> <span class='ocrx_word' id='word_1_267' title='bbox 1860 3162 2239 3243; x_wconf 83' lang='lat' dir='ltr'><strong>Lanzen&#39;sis‚</strong></span> <span class='ocrx_word' id='word_1_268' title='bbox 2297 3160 2419 3226; x_wconf 82' lang='lat' dir='ltr'><strong>Th.</strong></span> <span class='ocrx_word' id='word_1_269' title='bbox 2464 3183 2685 3228; x_wconf 88' lang='lat' dir='ltr'><strong>comes</strong></span> <span class='ocrx_word' id='word_1_270' title='bbox 2732 3164 2919 3228; x_wconf 89' lang='lat' dir='ltr'><strong>Acer-</strong></span> 
     </span>
     <span class='ocr_line' id='line_1_34' title="bbox 551 3247 2917 3330; baseline -0.001 -17"><span class='ocrx_word' id='word_1_271' title='bbox 551 3271 790 3330; x_wconf 83' lang='lat' dir='ltr'><strong>rarum,</strong></span> <span class='ocrx_word' id='word_1_272' title='bbox 835 3248 1196 3313; x_wconf 89' lang='lat' dir='ltr'><strong>Riccardus</strong></span> <span class='ocrx_word' id='word_1_273' title='bbox 1241 3248 1694 3329; x_wconf 82' lang='lat' dir='ltr'><strong>marescalcus,</strong></span> <span class='ocrx_word' id='word_1_274' title='bbox 1740 3247 2093 3313; x_wconf 89' lang='lat' dir='ltr'><strong>Piccardus</strong></span> <span class='ocrx_word' id='word_1_275' title='bbox 2132 3250 2551 3329; x_wconf 79' lang='lat' dir='ltr'><strong>camerarius,</strong></span> <span class='ocrx_word' id='word_1_276' title='bbox 2596 3249 2917 3317; x_wconf 84' lang='lat' dir='ltr'><strong>Henricus</strong></span> 
     </span>
     <span class='ocr_line' id='line_1_35' title="bbox 550 3334 2917 3421; baseline 0 -22"><span class='ocrx_word' id='word_1_277' title='bbox 550 3356 827 3419; x_wconf 85' lang='lat' dir='ltr'><strong>magnae</strong></span> <span class='ocrx_word' id='word_1_278' title='bbox 843 3334 1202 3421; x_wconf 87' lang='lat' dir='ltr'><strong>imperialis</strong></span> <span class='ocrx_word' id='word_1_279' title='bbox 1219 3336 1438 3399; x_wconf 88' lang='lat' dir='ltr'><strong>curiae</strong></span> <span class='ocrx_word' id='word_1_280' title='bbox 1461 3334 1775 3419; x_wconf 83' lang='lat' dir='ltr'><strong>magister</strong></span> <span class='ocrx_word' id='word_1_281' title='bbox 1790 3335 2215 3419; x_wconf 83' lang='lat' dir='ltr'><strong>justiciarius,</strong></span> <span class='ocrx_word' id='word_1_282' title='bbox 2240 3350 2306 3401; x_wconf 88' lang='lat' dir='ltr'><strong>et</strong></span> <span class='ocrx_word' id='word_1_283' title='bbox 2328 3334 2441 3401; x_wconf 87' lang='lat' dir='ltr'><strong>alii</strong></span> <span class='ocrx_word' id='word_1_284' title='bbox 2464 3357 2662 3421; x_wconf 84' lang='lat' dir='ltr'><strong>quam</strong></span> <span class='ocrx_word' id='word_1_285' title='bbox 2684 3336 2917 3420; x_wconf 84' lang='lat' dir='ltr'><strong>plures.</strong></span> 
     </span>
    </p>

    <p class='ocr_par' dir='ltr' id='par_1_5' title="bbox 551 3420 2981 3680">
     <span class='ocr_line' id='line_1_36' title="bbox 725 3420 2917 3507; baseline -0 -20"><span class='ocrx_word' id='word_1_286' title='bbox 725 3420 1000 3506; x_wconf 87' lang='lat' dir='ltr'><strong>Signum</strong></span> <span class='ocrx_word' id='word_1_287' title='bbox 1047 3422 1291 3485; x_wconf 82' lang='lat' dir='ltr'><strong>domini</strong></span> <span class='ocrx_word' id='word_1_288' title='bbox 1337 3420 1877 3487; x_wconf 86' lang='lat' dir='ltr'><strong>nostriFriderici</strong></span> <span class='ocrx_word' id='word_1_289' title='bbox 1920 3421 2194 3490; x_wconf 87' lang='lat' dir='ltr'><strong>secundi</strong></span> <span class='ocrx_word' id='word_1_290' title='bbox 2231 3422 2361 3487; x_wconf 89' lang='lat' dir='ltr'><strong>Dei</strong></span> <span class='ocrx_word' id='word_1_291' title='bbox 2398 3422 2611 3507; x_wconf 83' lang='lat' dir='ltr'><strong>gratia</strong></span> <span class='ocrx_word' id='word_1_292' title='bbox 2634 3424 2917 3489; x_wconf 81' lang='lat' dir='ltr'><strong>invictis-</strong></span> 
     </span>
     <span class='ocr_line' id='line_1_37' title="bbox 553 3506 2981 3660; baseline 0.001 -84"><span class='ocrx_word' id='word_1_293' title='bbox 553 3509 702 3660; x_wconf 57' lang='lat' dir='ltr'><strong>sipii</strong></span> <span class='ocrx_word' id='word_1_294' title='bbox 746 3509 1186 3609; x_wconf 72' lang='lat' dir='ltr'><strong>Romanorum</strong></span> <span class='ocrx_word' id='word_1_295' title='bbox 1233 3509 1645 3593; x_wconf 87' lang='lat' dir='ltr'><strong>imperatoris</strong></span> <span class='ocrx_word' id='word_1_296' title='bbox 1690 3528 1946 3593; x_wconf 84' lang='lat' dir='ltr'><strong>semper</strong></span> <span class='ocrx_word' id='word_1_297' title='bbox 1990 3510 2273 3593; x_wconf 85' lang='lat' dir='ltr'><strong>augusti,</strong></span> <span class='ocrx_word' id='word_1_298' title='bbox 2316 3507 2685 3577; x_wconf 84' lang='lat' dir='ltr'><strong>Jerusalem</strong></span> <span class='ocrx_word' id='word_1_299' title='bbox 2734 3520 2801 3579; x_wconf 88' lang='lat' dir='ltr'><strong>et</strong></span> <span class='ocrx_word' id='word_1_300' title='bbox 2828 3506 2917 3575; x_wconf 87' lang='lat' dir='ltr'><strong>Si·</strong></span> <span class='ocrx_word' id='word_1_301' title='bbox 2974 3571 2981 3579; x_wconf 96' lang='lat'>.</span> 
     </span>
     <span class='ocr_line' id='line_1_38' title="bbox 551 3614 980 3680; baseline 0 -21"><span class='ocrx_word' id='word_1_302' title='bbox 551 3616 610 3659; x_wconf 92' lang='lat' dir='ltr'><strong>c1</strong></span> <span class='ocrx_word' id='word_1_303' title='bbox 639 3616 742 3661; x_wconf 80' lang='lat' dir='ltr'><strong>iae</strong></span> <span class='ocrx_word' id='word_1_304' title='bbox 789 3614 980 3680; x_wconf 87' lang='lat' dir='ltr'><strong>reg1s.</strong></span> 
     </span>
    </p>

    <p class='ocr_par' dir='ltr' id='par_1_6' title="bbox 546 3679 2915 4199">
     <span class='ocr_line' id='line_1_39' title="bbox 722 3679 2913 3753; baseline 0 -8"><span class='ocrx_word' id='word_1_305' title='bbox 722 3681 896 3745; x_wconf 88' lang='lat' dir='ltr'><strong>Acta</strong></span> <span class='ocrx_word' id='word_1_306' title='bbox 939 3687 1094 3745; x_wconf 89' lang='lat' dir='ltr'><strong>sunt</strong></span> <span class='ocrx_word' id='word_1_307' title='bbox 1149 3679 1312 3745; x_wconf 87' lang='lat' dir='ltr'><strong>haec</strong></span> <span class='ocrx_word' id='word_1_308' title='bbox 1373 3702 1548 3745; x_wconf 88' lang='lat' dir='ltr'><strong>anno</strong></span> <span class='ocrx_word' id='word_1_309' title='bbox 1594 3680 1984 3748; x_wconf 82' lang='lat' dir='ltr'><strong>Dominicae</strong></span> <span class='ocrx_word' id='word_1_310' title='bbox 2044 3681 2514 3753; x_wconf 80' lang='lat' dir='ltr'><strong>incarnationis</strong></span> <span class='ocrx_word' id='word_1_311' title='bbox 2574 3681 2913 3749; x_wconf 88' lang='lat' dir='ltr'><strong>millesimo</strong></span> 
     </span>
     <span class='ocr_line' id='line_1_40' title="bbox 549 3766 2911 3854; baseline 0.001 -23"><span class='ocrx_word' id='word_1_312' title='bbox 549 3767 998 3837; x_wconf 85' lang='lat' dir='ltr'><strong>ducentesimo</strong></span> <span class='ocrx_word' id='word_1_313' title='bbox 1042 3768 1367 3832; x_wconf 89' lang='lat' dir='ltr'><strong>tricesimo</strong></span> <span class='ocrx_word' id='word_1_314' title='bbox 1413 3768 1625 3853; x_wconf 91' lang='lat' dir='ltr'><strong>primo</strong></span> <span class='ocrx_word' id='word_1_315' title='bbox 1650 3814 1667 3847; x_wconf 91' lang='lat'><strong>,</strong></span> <span class='ocrx_word' id='word_1_316' title='bbox 1711 3785 1935 3832; x_wconf 87' lang='lat' dir='ltr'><strong>mense</strong></span> <span class='ocrx_word' id='word_1_317' title='bbox 1978 3767 2022 3832; x_wconf 94' lang='lat' dir='ltr'><strong>J</strong></span> <span class='ocrx_word' id='word_1_318' title='bbox 2025 3766 2161 3848; x_wconf 88' lang='lat' dir='ltr'><strong>ulii,</strong></span> <span class='ocrx_word' id='word_1_319' title='bbox 2207 3776 2482 3854; x_wconf 87' lang='lat' dir='ltr'><strong>quartae</strong></span> <span class='ocrx_word' id='word_1_320' title='bbox 2522 3766 2911 3847; x_wconf 82' lang='lat' dir='ltr'><strong>indictionis,</strong></span> 
     </span>
     <span class='ocr_line' id='line_1_41' title="bbox 546 3852 2914 3939; baseline 0.003 -23"><span class='ocrx_word' id='word_1_321' title='bbox 546 3854 912 3939; x_wconf 86' lang='lat' dir='ltr'><strong>imperante</strong></span> <span class='ocrx_word' id='word_1_322' title='bbox 935 3854 1224 3919; x_wconf 88' lang='lat' dir='ltr'><strong>Domino</strong></span> <span class='ocrx_word' id='word_1_323' title='bbox 1269 3862 1490 3920; x_wconf 89' lang='lat' dir='ltr'><strong>nostro</strong></span> <span class='ocrx_word' id='word_1_324' title='bbox 1536 3852 1871 3919; x_wconf 84' lang='lat' dir='ltr'><strong>Friderico</strong></span> <span class='ocrx_word' id='word_1_325' title='bbox 1915 3854 2045 3919; x_wconf 90' lang='lat' dir='ltr'><strong>Dei</strong></span> <span class='ocrx_word' id='word_1_326' title='bbox 2088 3856 2302 3939; x_wconf 85' lang='lat' dir='ltr'><strong>gratia</strong></span> <span class='ocrx_word' id='word_1_327' title='bbox 2324 3853 2767 3925; x_wconf 84' lang='lat' dir='ltr'><strong>illustrissimo</strong></span> <span class='ocrx_word' id='word_1_328' title='bbox 2802 3856 2914 3922; x_wconf 85' lang='lat' dir='ltr'><strong>Ro·</strong></span> 
     </span>
     <span class='ocr_line' id='line_1_42' title="bbox 549 3940 2915 4026; baseline 0.001 -23"><span class='ocrx_word' id='word_1_329' title='bbox 549 3961 886 4008; x_wconf 89' lang='lat' dir='ltr'><strong>manorum</strong></span> <span class='ocrx_word' id='word_1_330' title='bbox 947 3942 1340 4026; x_wconf 88' lang='lat' dir='ltr'><strong>imperatore</strong></span> <span class='ocrx_word' id='word_1_331' title='bbox 1401 3962 1658 4026; x_wconf 87' lang='lat' dir='ltr'><strong>semper</strong></span> <span class='ocrx_word' id='word_1_332' title='bbox 1714 3948 2025 4025; x_wconf 82' lang='lat' dir='ltr'><strong>auguste,</strong></span> <span class='ocrx_word' id='word_1_333' title='bbox 2086 3940 2453 4005; x_wconf 87' lang='lat' dir='ltr'><strong>Jerusalem</strong></span> <span class='ocrx_word' id='word_1_334' title='bbox 2536 3950 2603 4007; x_wconf 90' lang='lat' dir='ltr'><strong>et</strong></span> <span class='ocrx_word' id='word_1_335' title='bbox 2660 3941 2915 4007; x_wconf 74' lang='lat' dir='ltr'><strong>Siciliae</strong></span> 
     </span>
     <span class='ocr_line' id='line_1_43' title="bbox 547 4024 2909 4113; baseline -0.001 -21"><span class='ocrx_word' id='word_1_336' title='bbox 547 4046 721 4109; x_wconf 83' lang='lat' dir='ltr'><strong>rege,</strong></span> <span class='ocrx_word' id='word_1_337' title='bbox 765 4047 940 4091; x_wconf 85' lang='lat' dir='ltr'><strong>anno</strong></span> <span class='ocrx_word' id='word_1_338' title='bbox 983 4028 1239 4113; x_wconf 89' lang='lat' dir='ltr'><strong>imperii</strong></span> <span class='ocrx_word' id='word_1_339' title='bbox 1283 4028 1427 4113; x_wconf 89' lang='lat' dir='ltr'><strong>ejus</strong></span> <span class='ocrx_word' id='word_1_340' title='bbox 1471 4025 1834 4102; x_wconf 87' lang='lat' dir='ltr'><strong>undecimo,</strong></span> <span class='ocrx_word' id='word_1_341' title='bbox 1880 4028 2063 4112; x_wconf 89' lang='lat' dir='ltr'><strong>regni</strong></span> <span class='ocrx_word' id='word_1_342' title='bbox 2090 4026 2458 4094; x_wconf 85' lang='lat' dir='ltr'><strong>Jerusalem</strong></span> <span class='ocrx_word' id='word_1_343' title='bbox 2486 4036 2697 4110; x_wconf 82' lang='lat' dir='ltr'><strong>sexto,</strong></span> <span class='ocrx_word' id='word_1_344' title='bbox 2737 4024 2909 4113; x_wconf 81' lang='lat' dir='ltr'><strong>regni</strong></span> 
     </span>
     <span class='ocr_line' id='line_1_44' title="bbox 547 4110 2305 4199; baseline 0.003 -24"><span class='ocrx_word' id='word_1_345' title='bbox 547 4134 704 4176; x_wconf 81' lang='lat' dir='ltr'><strong>vero</strong></span> <span class='ocrx_word' id='word_1_346' title='bbox 751 4110 1012 4177; x_wconf 87' lang='lat' dir='ltr'><strong>Siciliae</strong></span> <span class='ocrx_word' id='word_1_347' title='bbox 1054 4115 1382 4178; x_wconf 89' lang='lat' dir='ltr'><strong>tricesimo</strong></span> <span class='ocrx_word' id='word_1_348' title='bbox 1428 4122 1679 4199; x_wconf 84' lang='lat' dir='ltr'><strong>quarte,</strong></span> <span class='ocrx_word' id='word_1_349' title='bbox 1726 4113 2026 4179; x_wconf 86' lang='lat' dir='ltr'><strong>feliciter.</strong></span> <span class='ocrx_word' id='word_1_350' title='bbox 2070 4112 2305 4181; x_wconf 87' lang='lat' dir='ltr'><strong>Amen.</strong></span> 
     </span>
    </p>
   </div>
   <div class='ocr_carea' id='block_1_3' title="bbox 543 4198 2907 4353">
    <p class='ocr_par' dir='ltr' id='par_1_7' title="bbox 543 4198 2907 4353">
     <span class='ocr_line' id='line_1_45' title="bbox 543 4198 2907 4349; baseline 0.002 -88"><span class='ocrx_word' id='word_1_351' title='bbox 543 4284 624 4349; x_wconf 63' lang='lat' dir='ltr'><strong>tit</strong></span> <span class='ocrx_word' id='word_1_352' title='bbox 670 4198 962 4349; x_wconf 48' lang='lat' dir='ltr'><strong>ligatum</strong></span> <span class='ocrx_word' id='word_1_353' title='bbox 1005 4201 1074 4262; x_wconf 90' lang='lat' dir='ltr'><strong>in</strong></span> <span class='ocrx_word' id='word_1_354' title='bbox 1121 4201 1382 4265; x_wconf 85' lang='lat' dir='ltr'><strong>civitate</strong></span> <span class='ocrx_word' id='word_1_355' title='bbox 1429 4198 1651 4263; x_wconf 86' lang='lat' dir='ltr'><strong>Melfio</strong></span> <span class='ocrx_word' id='word_1_356' title='bbox 1697 4220 1891 4280; x_wconf 92' lang='lat' dir='ltr'><strong>anno,</strong></span> <span class='ocrx_word' id='word_1_357' title='bbox 1941 4221 2167 4266; x_wconf 90' lang='lat' dir='ltr'><strong>mense</strong></span> <span class='ocrx_word' id='word_1_358' title='bbox 2212 4209 2279 4265; x_wconf 91' lang='lat' dir='ltr'><strong>et</strong></span> <span class='ocrx_word' id='word_1_359' title='bbox 2308 4199 2669 4269; x_wconf 84' lang='lat' dir='ltr'><strong>indictione</strong></span> <span class='ocrx_word' id='word_1_360' title='bbox 2732 4220 2907 4289; x_wconf 85' lang='lat' dir='ltr'><strong>prae-</strong></span> 
     </span>
     <span class='ocr_line' id='line_1_46' title="bbox 626 4304 840 4353; baseline 0.009 -4"><span class='ocrx_word' id='word_1_361' title='bbox 626 4305 666 4349; x_wconf 92' lang='lat' dir='ltr'><strong>u</strong></span> <span class='ocrx_word' id='word_1_362' title='bbox 695 4305 738 4353; x_wconf 82' lang='lat' dir='ltr'><strong>a</strong></span> <span class='ocrx_word' id='word_1_363' title='bbox 765 4304 840 4351; x_wconf 78' lang='lat' dir='ltr'><strong>is.</strong></span> 
     </span>
    </p>
   </div>
   <div class='ocr_carea' id='block_1_4' title="bbox 1561 4374 1925 4387">
    <p class='ocr_par' dir='ltr' id='par_1_8' title="bbox 1561 4374 1925 4387">
     <span class='ocr_line' id='line_1_47' title="bbox 1561 4374 1925 4387; baseline 0 0"><span class='ocrx_word' id='word_1_364' title='bbox 1561 4374 1925 4387; x_wconf 95' lang='lat' dir='ltr'><strong> </strong></span> 
     </span>
    </p>
   </div>
   <div class='ocr_carea' id='block_1_5' title="bbox 3081 4362 3082 5002">
    <p class='ocr_par' dir='ltr' id='par_1_9' title="bbox 3081 4362 3082 5002">
     <span class='ocr_line' id='line_1_48' title="bbox 3081 4362 3082 5002; baseline 0 0"><span class='ocrx_word' id='word_1_365' title='bbox 3081 4362 3082 5002; x_wconf 95' lang='lat' dir='ltr'><strong> </strong></span> 
     </span>
    </p>
   </div>
  </div>
 </body>
</html>
