3150 5017
1226 329 1699 396 —149--

407 499 726 583 Quoniam
772 501 860 566 ad
906 502 1394 567 subsistentiam
1443 504 1796 568 multorum
1846 511 1910 569 et
1955 504 2248 588 regimen
2294 523 2605 593 praeesse

243 597 486 674 oportet
527 610 728 652 unum
775 588 1107 673 singulare
1152 591 1601 674 praecipuum,
1670 591 1823 674 quia
1870 589 2213 674 pluralitas
2274 595 2342 656 in
2404 595 2606 679 persi-

245 675 466 738 stentia
509 676 856 738 scissuram
904 676 1246 739 induceret
1291 685 1356 740 et
1400 674 1681 738 solidam
1751 675 2183 761 gubernaculi
2246 679 2609 766 disrumpe-

244 769 333 823 ret
388 759 790 825 firmitatem:
851 763 1269 848 praeminent
1322 762 1589 847 quidem
1654 760 1739 824 ob
1785 762 1908 826 hoc
1954 763 2231 846 singulis
2276 767 2496 848 regnis
2540 774 2606 830 et

245 845 454 909 mundi
499 847 862 932 provinciis
920 847 1182 931 singula
1227 849 1646 932 regnantium
1694 847 1859 912 solia
1904 860 1971 912 ct
2016 849 2314 934 singulae
2360 853 2607 936 princi·

248 934 526 1016 pantium
571 941 962 1018 potestates;
1012 935 1169 1018 quia
1215 933 1367 996 dum
1418 955 1607 1018 reges
1654 934 1913 1019 populis
1936 936 2264 1020 imperant
2293 945 2358 1000 et
2382 936 2609 1022 populi

244 1015 491 1100 regibus
538 1029 918 1084 reverenter
963 1020 1335 1099 intendunt,
1384 1018 1537 1083 dum
1587 1019 1655 1083 hi
1701 1020 2035 1085 humiliter
2079 1022 2359 1086 subsunt
2403 1032 2467 1086 et
2508 1020 2607 1086 illi

242 1100 506 1187 benigne
551 1114 887 1189 praesunt,
935 1105 1088 1169 dum
1137 1107 1442 1190 congruis
1487 1104 1584 1168 illi
1634 1116 1953 1191 praeeunt
2002 1107 2297 1193 jussibus
2360 1115 2425 1172 et
2484 1105 2598 1172 de-

244 1191 398 1253 votis
438 1191 546 1254 isti
571 1192 808 1254 animis
855 1192 1326 1276 obsequuntur,
1373 1193 1554 1276 viget
1601 1215 1686 1256 ex
1731 1193 1855 1256 hoc
1902 1194 1969 1258 in
2019 1193 2267 1258 eisdem
2329 1192 2591 1280 populis

242 1275 644 1340 concordium
691 1279 909 1344 unitas
957 1279 1341 1357 animorum,
1390 1277 1843 1342 misericordia
1888 1289 1953 1342 et
2000 1281 2272 1364 veritas,
2306 1278 2431 1344 sibi
2492 1279 2600 1346 ob-

243 1362 407 1426 viant
451 1372 514 1426 et
547 1363 813 1447 justitia
859 1374 924 1428 et
968 1386 1102 1450 pax
1147 1386 1216 1428 se
1263 1365 1350 1429 ad
1395 1365 1683 1428 invicem
1732 1365 2270 1450 complectuntur.

394 1481 552 1547 Ideo
599 1504 885 1568 namque
930 1507 970 1547 a
1016 1505 1270 1548 summo
1318 1483 1433 1549 illo
1476 1505 1653 1568 rege,
1700 1507 1817 1571 per
1862 1507 2055 1570 quem
2118 1486 2359 1571 singuli
2414 1506 2601 1568 reges

243 1579 499 1652 regnant
543 1579 612 1634 et
656 1571 989 1654 principes
1036 1573 1508 1657 principantur,
1556 1570 1935 1656 temporalis
1979 1570 2183 1656 gladii
2244 1571 2331 1636 ad
2393 1572 2598 1636 malo-

241 1675 368 1718 rum
411 1655 772 1720 vindictam
817 1655 1209 1742 laudemque
1257 1657 1576 1720 bonorum
1622 1660 1901 1722 terrenis
1946 1668 2049 1722 est
2092 1658 2356 1741 regibus
2424 1657 2601 1721 attri-

243 1737 388 1804 buta
441 1751 752 1826 potestaS,
815 1751 886 1806 ut
941 1752 1279 1829 assumpto
1341 1743 1424 1806 ab
1473 1745 1567 1806 eis
1615 1742 1997 1808 dominandi
2045 1745 2260 1808 officio
2298 1744 2601 1829 judicent

240 1825 300 1888 in
340 1829 662 1914 aequitate
708 1828 987 1912 populos
1049 1840 1112 1894 et
1179 1830 1467 1913 dirigant
1528 1831 1596 1892 in
1658 1831 1851 1894 terris
1898 1831 2227 1914 subjectas
2274 1830 2400 1896 sibi
2443 1851 2597 1914 geu-

243 1912 386 1976 tium
432 1917 754 1994 nationes,
801 1925 1122 1999 quatenus
1169 1918 1252 1980 sit
1297 1914 1604 1979 voluntas
1652 1937 1875 1980 eorum
1921 1918 1991 1978 in
2052 1919 2439 1980 executione
2503 1918 2597 1998 ju-

243 1999 440 2064 stitiae
467 2023 576 2072 *ac
623 2001 958 2065 meditatio
1002 2003 1072 2064 in
1119 2002 1264 2085 lege
1309 1999 1717 2064 rectitudinis
1764 2011 1829 2065 et
1872 2001 2290 2066 observantia
2334 2013 2605 2065 sanctae

243 2087 424 2166 pacis.
513 2085 626 2150 Ad
670 2109 840 2172 quae
887 2089 1114 2173 utique
1157 2087 1508 2170 perfectius
1554 2088 1924 2150 exercenda
1968 2088 2163 2150 iidem
2212 2109 2399 2170 reges
2444 2107 2599 2148 unc-

241 2171 418 2236 tionis
475 2194 704 2237 sacrae
765 2175 1027 2254 virtute,
1089 2195 1286 2259 quam
1355 2194 1472 2258 per
1516 2173 1930 2238 venerabiles
1977 2172 2221 2238 Christi
2269 2175 2599 2236 ministros

240 2259 492 2343 antiquo
537 2280 722 2324 more
768 2262 1153 2343 suscipiunt,
1201 2260 1444 2323 donum
1489 2261 1741 2344 gratiae
1786 2260 2112 2344 recipiunt
2172 2260 2464 2344 potioris,
2527 2267 2601 2321 ut

239 2344 396 2408 etin
436 2347 896 2432 prosecutione
935 2347 1098 2429 justi
1143 2347 1480 2430 regiminis
1522 2345 1757 2408 fortius
1820 2345 2285 2410 convalescant
2344 2355 2408 2410 et
2464 2354 2600 2409 tam

240 2427 298 2489 in
353 2452 418 2495 se
473 2453 671 2516 quam
719 2433 788 2494 in
833 2453 1056 2497 eorum
1107 2432 1384 2496 subditis
1429 2430 1837 2516 prudentiori
1880 2439 1947 2496 et
1990 2433 2303 2496 sanctiori
2366 2432 2601 2517 spiritu

241 2512 602 2602 dirigantur.
663 2517 833 2581 Nam
879 2519 999 2582 etsi
1046 2519 1304 2584 differat
1347 2519 1671 2604 principis
1720 2517 1940 2583 unctio
1986 2540 2027 2582 a
2074 2519 2405 2603 pontificis
2448 2539 2605 2582 une-

239 2601 416 2683 tione‚
460 2605 616 2688 quia
661 2605 728 2665 in
776 2607 988 2689 capite
1036 2605 1336 2690 pontifex
1383 2605 1671 2687 ungitur,
1718 2605 2025 2690 princeps
2080 2613 2299 2668 autem
2346 2605 2415 2667 in
2459 2603 2605 2669 bra·

241 2686 373 2752 chio
413 2691 548 2754 sive
597 2689 869 2753 humero
915 2689 1024 2756 vel
1067 2692 1136 2756 in
1183 2712 1386 2770 armo,
1429 2691 1500 2752 in
1547 2689 1787 2775 quibus
1849 2691 2257 2776 principatus
2318 2711 2605 2774 congrue

240 2773 618 2858 designatur,
663 2777 820 2860 quia
866 2777 1065 2842 etiam
1111 2777 1290 2840 illius
1334 2784 1538 2860 caput
1584 2786 2007 2840 consecratur
2066 2779 2392 2856 crismate,
2456 2777 2603 2839 bra-

241 2858 437 2924 chium
482 2883 640 2926 vero
686 2863 875 2925 istius
921 2863 1066 2927 oleo
1115 2862 1452 2928 delinitur:
1507 2861 1864 2926 vehemens
1910 2872 2131 2927 tamen
2182 2871 2287 2926 est·
2326 2864 2394 2924 in
2440 2862 2603 2945 ipsis

241 2947 484 3030 regibus
527 2949 729 3029 hujus
777 2949 1072 3014 efficacia
1117 2949 1528 3027 sacramenti,
1577 2950 1891 3037 quoniam
1938 2951 2212 3012 inuncto
2259 2945 2457 3012 Saule
2502 2949 2598 3011 in-

241 3030 380 3096 siliit
400 3035 664 3120 spiritus
689 3034 958 3098 Domini
986 3058 1184 3122 super
1209 3057 1356 3100 eum
1405 3035 1567 3100 etin
1608 3036 1817 3100 virum
1866 3033 2143 3099 alterum
2172 3044 2271 3098 est
2294 3040 2602 3113 mutatus,

241 3127 298 3180 et
348 3121 412 3184 in
471 3120 697 3185 David
765 3123 1075 3187 unctione
1139 3130 1442 3206 suscepta
1500 3121 1766 3206 spiritus
1811 3120 2086 3184 Domini
2134 3130 2230 3183 est
2276 3119 2602 3201 directus;

241 3203 315 3266 ad
368 3204 834 3270 insinuandum
897 3229 1174 3293 quoque,
1236 3207 1412 3293 quod
1472 3208 1540 3269 in
1604 3205 1869 3290 regibus
1916 3227 2061 3270 esse
2108 3205 2345 3270 debeat
2388 3203 2600 3290 pleni-

239 3290 378 3354 tudo
417 3294 753 3366 virtutum‚
805 3293 1112 3379 quodque
1156 3297 1226 3357 in
1273 3295 1367 3358 eis
1429 3300 1526 3358 est
1587 3292 1843 3374 integra
1908 3292 2179 3355 dominii
2226 3289 2605 3375 temporalis

243 3381 596 3461 auctoritas,
659 3380 858 3460 capiti
920 3382 1234 3465 principis
1295 3377 1681 3444 honorabile
1739 3398 1825 3442 ac
1882 3377 2262 3442 venerabile
2312 3376 2437 3441 sub
2483 3379 2603 3442 cir·

240 3461 426 3528 culari
467 3465 682 3530 forma
725 3467 1088 3550 imponitur
1136 3466 1473 3546 diadema3
1521 3486 1561 3526 a
1608 3485 1737 3549 quo
1784 3464 2103 3548 siquidem
2130 3465 2443 3548 principe,
2492 3463 2602 3548 qui

239 3547 460 3615 talibus
522 3551 872 3615 decoratur
929 3553 1232 3636 insigniis
1292 3563 1355 3616 et
1399 3549 1607 3618 titulis
1653 3551 2117 3636 praesignitur,
2176 3560 2512 3634 tamquam
2560 3571 2600 3613 a

237 3636 429 3720 capite
487 3637 772 3702 subditis
834 3637 1016 3702 velut
1074 3638 1386 3703 membris
1447 3646 1625 3701 recte
1683 3637 1953 3702 vivendi
2014 3635 2245 3702 modus
2289 3636 2604 3699 indicitur

239 3729 294 3782 et
333 3723 685 3789 modestiae
732 3723 968 3808 regula
1013 3726 1428 3812 componitur
1472 3733 1537 3787 et
1586 3723 1889 3787 dictatur.

429 3861 604 3926 Sane
668 3863 1044 3926 carissimus
1121 3862 1192 3924 in
1259 3859 1520 3925 Christo
1595 3858 1770 3924 filius
1840 3869 2063 3924 noster
2135 3858 2409 3922 illustris
2476 3879 2599 3923 rex

241 3939 539 4028 Boemiae‚
587 3947 1047 4012 devotissimus
1093 3946 1409 4011 ecclesiae
1463 3945 1657 4028 filius,
1727 3947 2089 4032 praemissa
2141 3945 2344 4009 veluti
2413 3947 2593 4030 prin-

241 4047 374 4113 ceps
434 4033 792 4098 catholicus
868 4035 1216 4119 diligenter
1273 4034 1643 4113 attendenS,
1710 4055 1788 4096 ac
1850 4053 2124 4117 sperans
2182 4053 2300 4117 per
2367 4030 2602 4117 hujus-

245 4116 398 4180 modi
466 4122 842 4184 unctionem
906 4120 1264 4206 spiritualis
1325 4121 1572 4202 gratiae
1634 4141 1777 4183 rore
1840 4118 2167 4203 perfundi,
2230 4118 2421 4182 nobis
2481 4117 2599 4181 hu-

246 4199 458 4270 militer
513 4206 927 4294 supplicavit,
978 4217 1049 4272 ut
1118 4229 1264 4270 cum
1329 4205 1781 4290 progenitores
1844 4205 1961 4286 sui,
2023 4226 2211 4288 reges
2274 4205 2601 4278 Boemiae‚

245 4284 469 4356 inuncti
543 4304 607 4359 et
673 4295 968 4360 coronati
1036 4299 1104 4358 in
1173 4315 1360 4377 reges
1439 4293 1809 4357 exstiterint
1884 4313 2001 4377 per
2068 4290 2600 4378 archiepiscopos
