3150 5017
1521 281 1953 354 ...SD-...-

724 458 912 524 Haec
939 461 1174 547 itaque
1217 459 1528 527 universa
1571 461 1993 547 praescripta,
2040 461 2213 524 sicut
2255 480 2298 525 a
2340 451 2550 540 nobis,
2596 459 2693 524 ita
2728 455 2925 524 etiam

548 568 591 610 a
632 548 872 612 nostris
915 545 1266 612 heredibus
1332 555 1397 611 et
1439 548 1931 614 successoribus
1977 547 2281 613 volumus
2326 548 2718 612 intemerata
2776 566 2922 632 per·

552 632 854 699 henniter
897 634 1251 699 observari.
2526 660 2531 668 ·

719 722 886 786 Acta
931 728 1084 784 sunt
1126 719 1252 784 hoc
1293 740 1468 784 anno
1515 719 1909 786 Dominicae
1972 720 2449 786 incarnationis
2496 717 2919 786 MCOXLIII

551 828 774 873 mense
816 805 860 870 J
863 807 1156 889 anuario,
1200 805 1570 871 Indictione
1616 806 1924 872 secunda.

555 979 600 1046 b
641 893 968 1045 thDatum
1030 893 1282 979 Pragae
1349 913 1468 981 per
1525 914 1795 959 manum
1856 894 2079 960 curiae
2139 903 2403 958 nostrae
2447 893 2685 958 notarii
2732 892 2923 957 Rem-

601 1001 641 1046 ο
717 1001 875 1046 oms.

1688 1241 1797 1306 38.

1271 1350 1589 1436 Literae
1642 1349 2089 1434 wenceslai
2149 1350 2210 1432 I.

813 1475 1052 1562 super
1104 1454 1419 1540 decimis
1472 1478 1614 1560 per
1668 1455 2077 1539 dioecesim
2111 1455 2699 1539 olomucensem.

1660 1587 1847 1651 1248.

649 1811 662 1826 ·
761 1741 1112 1862 ΞΙΕΠοοιιίἑιὲἰὺιιε
1167 1741 1534 1794 Cremsiriensi
1568 1747 1621 1794 et
1656 1743 2001 1796 olomucensi
2054 1757 2279 1796 excusae
2310 1744 2371 1792 in
2406 1741 2602 1794 Codice
2638 1739 2768 1806 dipl.
2804 1740 2918 1790 Mo·

549 1826 732 1864 taviae
854 1845 868 1860 .
1011 1847 1024 1861 .

555 1947 562 1955 ,
727 1876 1185 1960 wencezlaus,
1243 1879 1371 1943 Dei
1429 1881 1643 1965 gratia
1710 1889 1983 1966 quartus
2043 1882 2434 1947 Boemorum
2482 1900 2622 1961 rex,
2686 1876 2917 1942 dilecto

555 1964 742 2031 fideli
807 1986 944 2047 su0,
1013 1965 1374 2030 venerabili
1440 1969 1508 2030 in
1579 1965 1839 2032 Christo
1907 1969 2097 2055 patri,
2148 1967 2452 2049 Brunoni
2497 1964 2916 2031 Olomucensi

557 2055 885 2140 episcopo,
933 2053 1208 2138 ejusque
1255 2051 1740 2118 successoribus
1785 2055 1855 2118 in
1899 2062 2309 2141 perpetuum.

723 2139 831 2204 Ad
890 2137 1388 2224 promerendam
1451 2148 1752 2204 aeternae
1816 2142 1987 2206 vitae
2050 2138 2523 2206 beatitudinem
2584 2148 2764 2205 tanto
2812 2137 2917 2202 de-

549 2223 710 2292 bent
767 2246 1119 2310 regnorum
1178 2234 1464 2290 rectores
1527 2235 1591 2292 et
1649 2228 2133 2312 provinciarum
2182 2227 2517 2314 principes
2563 2223 2915 2290 studiosius

551 2309 881 2393 anhelare,
946 2319 1188 2397 quanto
1248 2314 1317 2376 in
1377 2313 1568 2377 terris
1614 2333 1653 2376 a
1698 2335 1850 2399 rege
1893 2333 2125 2398 regum
2170 2321 2436 2378 aeterno
2485 2334 2639 2399 prae
2686 2311 2915 2376 ceteris

551 2406 707 2464 sunt
765 2394 1235 2482 temporalibus
1297 2397 1542 2463 divitiis
1604 2400 1887 2485 praediti
1934 2409 1998 2465 et
2044 2399 2524 2466 excellentioris
2588 2399 2915 2486 potentiae

553 2482 764 2550 titulis
809 2484 1105 2568 insigniti
1124 2505 1150 2567 ς·
1187 2485 1341 2570 quia
1386 2485 1542 2550 dum
1590 2507 1629 2550 a
1676 2507 1792 2550 suo
1840 2493 2131 2551 creatore
2178 2508 2372 2572 quam
2404 2484 2651 2551 habent
2698 2493 2913 2570 poten·

553 2571 731 2650 tiam,
778 2569 1014 2634 devote
1059 2581 1555 2656 recognoscunt,
1604 2593 1722 2638 sua
1766 2572 2076 2638 felicitius
2121 2572 2423 2637 altissimi
2467 2573 2709 2637 virtute
2736 2570 2912 2656 regni

553 2654 895 2744 possident
952 2655 1398 2740 gubernacula
1457 2666 1521 2723 et
1582 2657 1667 2722 ad
1729 2661 1915 2745 regni
1985 2660 2283 2724 coelestis
2351 2659 2627 2744 gloriam
2696 2657 2918 2722 divina

555 2741 802 2807 suffulti
863 2740 1232 2824 clementia,
1295 2753 1568 2830 possunt
1636 2744 1950 2810 facilitius
2012 2747 2373 2832 pervenire.
2455 2749 2636 2809 Inter
2694 2743 2909 2828 hujus-

557 2828 734 2894 modi
791 2850 951 2894 sane
1012 2839 1380 2895 nostrarum
1445 2829 2038 2898 considerationum
2100 2853 2313 2913 curas,
2372 2829 2609 2918 quibus
2670 2851 2917 2916 semper

559 2915 878 2982 altissimo
939 2917 1217 2981 creatori
1277 2926 1498 2983 nostro
1559 2916 1819 3003 placere
1925 2921 2365 3003 raeponimus,
2410 2918 2673 3004 pietatis
2722 2916 2914 3005 operi·

553 3000 698 3086 bus,
760 3009 954 3089 prout
1013 3003 1222 3088 ipsius
1283 3003 1729 3068 misericordia
1791 2941 1979 3069 nofiis
2042 3006 2374 3090 permittit,
2435 3001 2651 3068 altiori
2715 3010 2916 3068 mente

555 3088 979 3170 revolvimus,
1023 3087 1304 3175 qualiter
1347 3088 1659 3155 ecclesias
1706 3091 1931 3156 divino
1977 3091 2178 3155 cultui
2225 3089 2569 3176 deputatas
2630 3098 2697 3154 et
2756 3091 2915 3154 viros

558 3173 1061 3257 ecclesiasticos,
1168 3176 1236 3239 ui
1296 3176 1362 3239 in
1420 3177 1582 3260 ipsis
1627 3176 1921 3242 ecclesiis
1966 3175 2210 3242 Christi
2260 3177 2579 3260 sanguine
2625 3174 2915 3241 libertate

557 3260 817 3326 donatis
845 3262 1027 3326 velut
1071 3282 1146 3349 sp
1177 3261 1384 3327 endor
1426 3261 1683 3348 fulgent
1725 3263 2140 3346 firmamenti,
2187 3263 2649 3328 beneficiorum
2675 3271 2915 3327 nostro-

555 3368 702 3412 rum
747 3345 1208 3412 munificentiis
1253 3347 1669 3432 honoremus,
1730 3358 1803 3414 ut
1848 3358 2141 3436 tempore
2187 3351 2537 3414 messionis
2596 3355 2917 3414 extremae

559 3453 706 3499 cum
752 3431 1184 3519 multiplicato
1231 3433 1448 3499 fructu
1509 3435 1971 3521 recolligamur
2015 3438 2083 3501 in
2130 3434 2347 3518 coelis,
2404 3433 2580 3520 quod
2623 3436 2695 3500 in
2741 3434 2919 3500 terris

558 3520 706 3608 piae
766 3518 1132 3586 devotionis
1191 3520 1429 3587 affectu
1489 3520 1573 3586 ab
1632 3523 1883 3587 aeterni
1941 3523 2113 3608 regis
2174 3523 2607 3588 reverentiam
2654 3523 2919 3590 semina·

559 3629 726 3672 mus.
816 3604 990 3671 Sane
1057 3614 1123 3671 et
1175 3606 1233 3671 si
1289 3606 1647 3673 catholicus
1694 3607 1969 3695 quilibet
2015 3610 2326 3674 universa
2370 3607 2532 3692 legis
2578 3615 2917 3694 praecepte

557 3692 909 3780 diligenter
951 3690 1290 3760 attendere
1336 3693 1589 3776 debeat,
1637 3694 1840 3759 multo
1887 3695 2117 3760 fortius
2160 3695 2284 3760 hoc
2344 3694 2559 3760 facere
2620 3701 2917 3760 tenentur

557 3779 907 3867 principes,
969 3781 1081 3867 qui
1145 3780 1214 3844 in
1275 3803 1343 3846 se
1402 3782 1565 3866 ipsis
1628 3779 1869 3846 debent
1926 3780 2293 3863 ostendere,
2354 3780 2641 3866 qualiter
2699 3801 2915 3846 eorum

557 3865 805 3932 subditi
847 3868 916 3930 in
961 3866 1168 3931 oculis
1215 3868 1466 3952 possint
1511 3865 1775 3934 divinae
1822 3868 2182 3954 majestatis
2230 3867 2659 3953 complacere,
2722 3875 2789 3932 et
2834 3867 2917 3930 sic

559 3973 678 4039 per
733 3952 909 4017 bona
965 3954 1243 4019 transire
1301 3952 1705 4039 temporalia,
1766 3963 1839 4020 ut
1882 3963 2189 4028 aeternae
2233 3953 2482 4039 gloriae
2528 3951 2747 4018 fructu
2792 3973 2917 4017 non

608 4039 916 4103 riventur.

559 4057 604 4126 Ρ
733 4122 900 4190 Cum
965 4125 1165 4210 igitur
1225 4125 1488 4191 divinae
1549 4126 1712 4212 legis
1758 4128 1839 4191 sit
1885 4135 2335 4214 praeceptum:
2382 4125 2659 4192 Honora
2703 4126 2915 4192 Deum

557 4207 643 4284 de
687 4230 806 4276 sua
847 4210 1231 4293 substantia,
1275 4211 1452 4298 quod
1498 4211 1578 4278 de
1625 4212 1945 4281 solutione
2008 4213 2404 4281 decimarum
2475 4213 2615 4280 fore
2682 4212 2916 4279 dictum
