3150 5017
468 447 709 534 gistros
756 457 1079 530 monetae,
1102 448 1211 514 vel
1256 456 1730 534 procuratores,
1793 449 2095 514 homines·
2136 447 2244 514 vel
2287 448 2658 514 servientes
2695 447 2874 534 ipso-

474 557 621 602 rum
686 534 975 620 aliquam
1034 533 1323 600 habeant
1379 534 1486 600 vel
1548 543 1902 602 exerceant
1958 543 2384 622 potestatem3
2425 535 2578 600 :sed
2607 535 2680 600 si
2723 536 2874 620 quis

474 619 725 708 aliquid
770 631 1000 686 contra
1042 621 1393 708 magistros
1453 629 1758 686 monetae
1801 620 1907 686 vel
1967 624 1988 686 i
2041 643 2262 687 sorum
2305 629 2764 708 procuratores
2801 629 2876 686 et

472 708 768 774 homines
811 728 1181 795 proponere
1222 706 1333 773 vei
1376 729 1573 793 agere
1599 706 1920 790 habuerit,
1966 709 1989 772 i
2051 726 2274 774 coram
2319 709 2688 792 camerario
2729 707 2874 773 Mo-

471 794 697 860 raviae
739 794 1045 880 prosequi
1088 794 1351 860 studeat
1387 795 1650 880 justitia
1694 794 2046 861 mediante.
2269 827 2296 848 ··
2475 819 2482 828 ·

492 926 506 932 -
647 880 751 944 11.
797 881 1245 962 Praecipimus
1278 881 1495 956 etiem,
1538 879 1720 967 quod
1734 881 1778 947 J
1781 881 1977 946 udaei
2020 902 2139 968 per
2181 881 2548 946 Moraviam
2591 879 2874 966 singulis

355 1003 358 1005 ·
476 967 865 1053 septimanis
904 967 1231 1053 recipiant
1290 966 1600 1033 denarios
1657 967 1742 1034 de
1801 977 2086 1043 moneta,
2143 970 2312 1033 sicut
2369 967 2502 1032 fuit
2553 966 2874 1033 hactenus

474 1062 885 1120 consuetum.
972 1053 1046 1120 Si
1090 1075 1261 1118 vero
1309 1075 1565 1139 gwerra
1625 1053 1778 1120 talis
1835 1056 1904 1120 in
1951 1054 2272 1134 Moravia,
2331 1053 2429 1136 (O.
2473 1053 2628 1118 zd.·
2655 1051 2874 1140 qualis

474 1161 652 1206 nunc
696 1149 799 1206 est
838 1161 959 1226 per
1000 1139 1394 1225 Mox-aviam)
1439 1140 1618 1227 quod
1663 1140 1855 1220 absit,
1924 1149 2156 1206 exerta
2197 1139 2416 1221 fuerit,
2461 1149 2532 1204 nt
2578 1141 2722 1226 ejus
2768 1160 2874 1204 σὼ

474 1227 741 1294 cesione
787 1233 1091 1293 monetae
1136 1227 1388 1293 utilitas
1432 1229 1790 1300 minuatur,
1842 1235 2004 1295 tunc
2047 1227 2136 1292 ad
2179 1225 2534 1312 proborum
2581 1228 2876 1292 ⁵virorum

473 1311 815 1381 arbitrium
862 1312 945 1378 de
988 1313 1303 1400 praefatis
1348 1313 1529 1380 mille
1573 1295 1842 1378 tesentis
1867 1334 1984 1398 pro
2015 1315 2239 1378 damni
2310 1314 2652 1394 uanitate,
2695 1313 2878 1399 quod

475 1399 772 1484 magistri
816 1409 1119 1465 monetae
1164 1398 2032 1486 suscepisseprobabuntur,
2077 1401 2170 1464 eis
2193 1335 2501 1464 voffnmus
2525 1398 2876 1481 defalcare,

474 1506 597 1552 nec
638 1507 777 1552 non
819 1495 885 1550 et
912 1486 985 1552 ,si
1030 1507 1189 1552 casu
1234 1486 1459 1574 aliquo
1503 1485 1784 1551 alterum
1827 1485 2276 1571 praefatorum
2310 1485 2715 1571 judiciorum
2763 1484 2872 1552 vel

472 1571 987 1726 affiibodforsitan
1033 1593 1167 1639 non
1212 1571 1512 1637 obtinent
1554 1595 1673 1659 per
1725 1571 2010 1658 praefati
2037 1573 2353 1660 temporis
2397 1574 2687 1660 spati-um-
2725 1593 2878 1658 pos-

474 1681 527 1726 si
580 1679 662 1725 en
714 1681 771 1724 a.
1297 1709 1305 1719 ,
2719 1683 2726 1690 ·
2776 1709 2782 1718 .
2821 1699 2826 1708 -

652 1745 751 1810 13.
796 1744 903 1810 De
943 1743 1207 1810 cambio
1250 1764 1407 1811 vero
1450 1746 1523 1810 iu
1564 1744 1790 1810 Broda
1812 1741 2379 1810 Smilonis·taliter
2413 1743 2878 1832 praesentibus

474 1829 856 1912 diffinimus,
900 1831 1078 1917 quod
1120 1831 1177 1895 si
1223 1831 1551 1897 cambium
1597 1833 1816 1918 ipsum
1839 1831 1928 1896 ad
1955 1839 2286 1898 monetam
2307 1831 2662 1896 Moraviae.
2692 1851 2876 1918 spec

471 1919 639 1982 tavit
676 1926 745 1984 et
788 1915 1007 2000 debet,
1064 1926 1223 1984 tunc
1266 1917 1592 2001 volumus,
1639 1919 1818 2005 quod
1878 1916 2040 1984 dicti
2100 1918 2394 2002 magistri
2437 1923 2656 2004 ipsum
2697 1926 2877 1984 tene·

471 2013 587 2070 ant
628 2013 829 2091 atque
874 2013 1138 2089 regant3
1186 2007 1243 2070 si
1286 2025 1441 2088 non,
1486 2013 1648 2070 tunc
1692 2004 1780 2070 ad
1801 2005 2148 2090 magistros
2170 2014 2472 2070 monetae
2515 2003 2878 2071 Bohemiae

472 2089 778 2158 volumus
868 2093 1175 2156 ertinere.
2573 2117 2584 2122 ·

643 2177 744 2242 14.
874 2175 1149 2263 uidquid
1207 2179 1407 2243 etiam
1468 2176 1549 2241 de
1612 2177 1845 2261 poenis
1903 2197 2023 2262 pro
2083 2176 2304 2263 culpis
2363 2185 2438 2242 et
2493 2175 2879 2244 excessibus

470 2265 877 2350 praetaxatis
918 2262 1112 2330 dictis
1154 2265 1488 2349 magistris
1532 2273 1841 2330 monetae
1870 2263 2046 2329 infra
2088 2265 2570 2350 praescriptum
2611 2272 2880 2350 tempus

476 2350 744 2416 evenire
790 2350 1164 2434 contigerit,
1225 2349 1549 2426 volumus,
1637 2349 1771 2414 uod
1815 2351 2008 2416 nobis
2049 2350 2370 2416 medietas
2411 2351 2556 2437 ejus
2601 2359 2668 2417 et
2709 2350 2876 2438 ipsis

471 2437 729 2524 reliqua
803 2436 996 2502 cedat
1061 2436 1382 2503 medietas
1440 2436 1598 2502 abso
1628 2445 1760 2519 ute,
1820 2445 1891 2502 et
1942 2436 2024 2502 de
2084 2436 2214 2502 hoc
2267 2445 2622 2503 teneantur
2677 2437 2874 2502 nobis

476 2523 755 2588 reddere
799 2523 1143 2590 rationem.
2567 2557 2574 2564 ·
2645 2577 2654 2584 .

644 2610 745 2674 15.
790 2608 1173 2674 Inhibemus
1218 2610 1437 2692 etiam,
1484 2608 1662 2696 quod
1708 2607 1874 2674 nulli
1918 2607 2117 2675 liceat
2158 2607 2406 2675 habere
2451 2609 2717 2696 pondus
2756 2616 2872 2674 aut

467 2695 703 2762 libram
748 2693 836 2760 ad
893 2695 1393 2781 ponderandum
1454 2703 1800 2782 argentum
1861 2695 2004 2761 sine
2049 2695 2315 2761 licentia
2357 2705 2424 2760 et
2466 2695 2694 2762 favore
2741 2717 2868 2760 ma·

466 2785 821 2869 gistrorum
883 2787 1207 2865 monetae,
1266 2783 1439 2849 sicut
1495 2783 1735 2869 viginti
1793 2780 2193 2850 talentorum
2253 2803 2534 2870 poenam
2595 2784 2872 2868 cupiunt

471 2870 738 2936 evitare.
2653 2921 2658 2924 .

644 2956 745 3020 16.
788 2954 956 3020 Item
1017 2952 1323 3020 volumus
1380 2960 1449 3020 et
1491 2954 1761 3040 penitus⁴
1817 2954 2157 3022 observari
2209 2953 2542 3040 jubemus,
2604 2964 2678 3020 ut
2739 2975 2871 3019 una

467 3062 793 3124 mensura,
840 3039 1153 3107 videlicet
1196 3038 1374 3116 ulna,
1422 3039 1696 3192 gentius
1751 3050 1820 3108 et
1862 3041 1996 3106 alia
2055 3041 2392 3127 quaelibet
2453 3061 2762 3106 mensura
2799 3041 2874 3104 in

470 3127 750 3214 singulis
793 3126 1012 3210 rebus,
1074 3148 1245 3213 quae
1289 3148 1416 3192 ven
1472 3127 1485 3140 '
1551 3126 1796 3194 debent
1839 3136 1905 3194 et
1949 3136 2440 3194 consueverunt
2483 3129 2572 3194 ad
2613 3148 2876 3193 mensu-

468 3236 628 3296 ram,
674 3235 793 3301 per
835 3222 1045 3279 totum
1091 3235 1367 3300 regnum
1422 3221 1726 3280 nostrum
1787 3213 2016 3280 haberi
2077 3212 2320 3282 debeat
2377 3223 2442 3280 et
2485 3214 2734 3280 servari
2751 3235 2773 3298 3-
2813 3221 2880 3280 et

470 3299 648 3388 quod
692 3299 807 3366 illa
853 3321 1162 3366 mensura
1196 3301 1533 3378 ‘habeatur
1577 3309 1777 3387 atque
1801 3309 2116 3381 servetur,
2163 3321 2362 3387 quam
2395 3301 2699 3386 magistri
2743 3321 2880 3364 mo·

466 3397 658 3456 netae
702 3409 851 3452 cum
885 3389 1139 3473 juratis,
1164 3388 1452 3452 civitatis
1473 3384 1788 3452 duxerint
1831 3387 2284 3467 statuendam3
2331 3389 2388 3472 si
2433 3409 2590 3452 vero
2635 3385 2881 3475 aliquia

466 3476 779 3541 inventus
823 3472 1021 3542 fuerit
1063 3472 1196 3538 alia
1218 3494 1528 3538 mensura
1568 3473 1686 3555 uti,
1733 3495 1931 3562 quam
1966 3471 2104 3556 illa,
2149 3495 2318 3560 quae
2362 3495 2484 3560 per
2525 3473 2880 3560 magistros

466 3571 773 3630 monetae
814 3568 1062 3628 statuta
1120 3559 1339 3638 fuerit,
1398 3560 1614 3645 ipsam
1657 3559 1894 3636 falsam
1940 3559 2248 3626 volumus
2289 3561 2606 3648 reputari,
2649 3567 2716 3626 et
2759 3581 2880 3624 no-

467 3648 573 3716 bis
617 3650 688 3714 in
733 3647 973 3734 viginti
1018 3644 1285 3712 talentis
1330 3645 1752 3712 denariorum
1799 3644 2106 3712 volumus
2151 3645 2602 3712 condemnari.

640 3735 745 3800 17.
774 3734 943 3800 Item
968 3735 1043 3809 si,
1089 3732 1266 3820 quod
1289 3732 1481 3813 absit,
1518 3753 1776 3818 gwerra
1811 3735 1880 3798 in
1919 3754 2127 3818 reguo
2148 3740 2376 3798 nestro
2399 3741 2634 3798 exorta
2655 3731 2877 3809 fuerit,

462 3821 638 3890 unde
682 3829 985 3888 monetae
1030 3829 1296 3886 nostrae
1336 3819 1596 3888 lucrum
1621 3819 1979 3901 tolleretur,
2025 3841 2226 3906 super
2268 3820 2875 3907 compensationem

465 3909 691 3978 damni
733 3907 1113 3994 hujusmodi
1174 3907 1638 3994 promittimus,
1698 3906 1877 3995 quod
1935 3916 2258 3993 quantum
2317 3904 2522 3972 iidem
2580 3905 2884 3992 magistri

465 4003 771 4062 monetae
816 3993 1097 4081 probare
1140 4003 1453 4080 poterunt
1535 3993 1758 4059 damni
1824 3994 2174 4059 occasione
2230 4014 2526 4079 gwerrae
2581 4015 2658 4059 se
2701 4013 2882 4060 rece·

464 4083 657 4168 pisse,
700 4081 865 4166 ipsis
909 4081 1227 4147 faciemus
1270 4082 1546 4167 gratiam
1597 4089 2098 4168 competentem.
2563 4115 2570 4136 ι
2796 4087 2805 4115 ²

640 4169 740 4231 18..
784 4167 953 4233 Item
999 4166 1329 4249 volumus,
1374 4165 1555 4253 quod
1595 4173 1654 4233 si
1701 4169 1850 4254 quis
1875 4188 1960 4233 ex
2005 4165 2130 4248 his,
2175 4165 2421 4252 quibvs
2463 4165 2686 4232 locata
2727 4172 2886 4230 sunt

459 4253 873 4337 ferramenta.
917 4275 1037 4338 per
1103 4256 1450 4340 magistros
1528 4261 1874 4342 monetae,
1941 4251 2399 4339 deprehensus
2437 4253 2883 4318 fuerit-cum
