3150 5017
1210 319 1686 386 ...247-

406 491 535 557 IV.
587 492 913 559 Volentes
958 494 1181 580 itaque
1229 494 1389 558 dicti
1409 495 1586 579 regis
1631 502 1698 559 et
1719 492 2034 558 heredum
2062 515 2328 560 suorum
2376 495 2636 578 dispen-

231 578 357 642 diis
406 600 837 664 praecavere,
877 581 991 668 jus
1039 590 1103 646 et
1149 581 1447 656 officium
1483 582 1906 666 pincernatus
1949 581 2019 646 in
2064 580 2353 668 Imperio
2399 581 2527 646 sibi
2573 591 2638 646 et

230 663 607 744 heredibus
657 667 791 732 suis
839 676 903 733 et
948 690 1079 732 non
1127 666 1237 732 alii
1286 676 1680 753 competere,
1726 676 1792 734 et
1835 669 1905 731 in
1929 666 2248 750 electione
2293 667 2470 757 regis
2513 668 2636 733 Ro-

238 773 626 834 manorum,
674 753 876 838 futuri
902 753 1353 842 Imperatoris,
1402 752 1648 836 habere
1688 755 1798 836 jus
1819 761 1885 818 et
1929 773 2180 836 vocem,
2227 753 2402 820 clare
2448 775 2635 838 reco-

229 840 649 926 gnoscimus,
695 843 1141 927 approbamus
1188 849 1254 906 et
1298 841 1749 928 praesentium
1810 840 2187 906 testimonio
2233 839 2641 926 profitemur.

400 925 485 991 V.
540 923 618 990 Si
667 928 823 1014 quid
884 936 1099 992 autem
1164 927 1619 993 diminutionis
1663 926 1771 992 vel
1839 925 2230 1003 calumniae,
2320 926 2454 1009 uod
2499 948 2632 992 non

230 1011 595 1095 credimus,
646 1017 823 1080 circa
915 1016 1206 1079 raedicta
1250 1014 1584 1090 cavillose,
1633 1013 1958 1080 malitiose
2004 1014 2111 1079 vel
2157 1013 2278 1078 sub
2329 1013 2431 1102 olq
2477 1033 2630 1100 pos·
2732 1073 2736 1077 .

230 1108 326 1164 set
374 1121 411 1164 o
467 1104 659 1186 poni,
705 1123 830 1188 sup
909 1123 1093 1166 emus
1141 1099 1222 1165 de
1269 1099 1690 1189 plenitudine
1734 1101 1956 1184 regiae
2004 1100 2368 1185 potestatis.

442 1210 489 1266 n
556 1187 751 1272 cujus
811 1190 905 1253 rei
982 1189 1426 1253 testimonium
1499 1208 1815 1274 praesens
1893 1188 2205 1279 scriptum
2269 1186 2634 1271 Majestatis

228 1281 500 1344 nostrae
552 1274 777 1360 sigillo
822 1273 1096 1339 fecimus
1143 1273 1558 1339 communiri.

402 1359 669 1434 Datum
697 1362 1067 1426 Erffordiae
1094 1361 1297 1427 Sexto
1338 1359 1681 1426 Kalendas
1713 1359 2041 1443 Octobris,
2086 1359 2464 1425 Indictione
2507 1367 2636 1424 ter-

226 1448 337 1528 tia,
402 1469 595 1526 anno
664 1447 914 1514 domini
972 1447 1329 1513 Millesimo
1406 1446 1858 1512 ducentesimo
1935 1451 2384 1540 nonagesimO,
2444 1446 2636 1531 regni

235 1554 395 1598 vero
441 1544 681 1600 nostro
727 1556 901 1601 anno
948 1537 1223 1621 septimo
1271 1534 1549 1599 decimo.

1388 1847 1492 1912 86.

574 1982 1091 2068 wenceslaus
1145 1983 1243 2066 H.
1301 1983 1463 2068 dux
1519 1982 1946 2072 cracoviae
1999 1983 2286 2068 fectus.

441 2125 665 2176 Mortuo
702 2123 940 2175 Lescene
976 2125 1111 2175 duee
1147 2124 1443 2176 cracoviae
1478 2126 1594 2175 sine
1635 2123 1936 2186 heredibus,
1972 2121 2202 2187 majores
2235 2129 2370 2176 natu
2394 2123 2634 2187 eJusdem

230 2193 463 2246 ducatus
500 2194 833 2244 unanimiter
869 2199 1231 2246 convenerunt
1286 2199 1340 2246 et
1390 2193 1655 2258 quomodo
1692 2193 1908 2246 vacanti
1943 2197 2116 2244 terrae
2151 2192 2354 2246 utiliter
2387 2193 2632 2260 provide-

232 2267 367 2333 rent,
405 2263 474 2316 de
508 2263 733 2318 domino
772 2265 1008 2330 cogitare
1044 2269 1347 2329 coeperunt,
1384 2265 1479 2328 qui
1515 2278 1608 2314 eos
1643 2265 1712 2314 ab
1747 2261 2041 2314 insultibus
2077 2261 2376 2321 vicinarum
2389 2263 2632 2332 gentium

236 2337 363 2398 puta
410 2331 807 2396 Ruthenorum,
858 2339 1099 2405 potenter
1152 2331 1454 2384 defenderet
1502 2339 1553 2383 et
1605 2334 1759 2407 pacis
1796 2329 1998 2398 relator
2033 2330 2250 2405 sessulus
2283 2331 2344 2384 in
2381 2346 2477 2383 suo
2507 2330 2630 2396 jure

238 2403 535 2466 quemlibet
572 2409 928 2453 conservaret.

446 2473 669 2524 Matura
704 2471 1081 2524 deliberatione
1117 2474 1334 2537 praevia
1368 2471 1767 2538 Wenceslaum,
1804 2471 2058 2523 Boemiae
2106 2485 2285 2537 regem
2333 2469 2631 2521 Moraviae·

240 2557 341 2606 que
398 2541 801 2604 marchionem,
850 2557 944 2608 pro
992 2539 1207 2593 domino
1258 2541 1528 2610 elegerunt
1585 2545 1638 2592 et
1672 2545 1732 2591 ut
1779 2539 1849 2592 ad
1892 2540 2036 2606 ipsos
2075 2539 2381 2607 dignaretur
2415 2537 2681 2604 descen-

239 2610 375 2674 dere,
413 2613 601 2663 missis
638 2613 858 2675 nuntiis,
896 2609 1231 2661 concorditer
1263 2614 1625 2677 rogaverunt3
1671 2611 1768 2660 'rex
1811 2615 1990 2661 autem
2037 2608 2312 2661 nonnullis
2361 2608 2514 2675 regni
2549 2609 2632 2660 sui

240 2681 468 2751 negotiis
516 2681 860 2754 praepeditus
914 2680 1266 2746 personaliter
1314 2678 1381 2754 ad
1432 2695 1523 2730 eos
1579 2681 1760 2730 venire
1801 2694 1910 2730 non
1957 2680 2146 2746 potuit,
2181 2679 2274 2732 sed
2309 2679 2538 2730 breviter
2573 2692 2632 2730 ae

240 2754 524 2802 venturum
562 2750 878 2814 promittens
914 2750 1186 2802 dominum
1224 2749 1486 2803 Thebiam
1530 2749 1858 2819 Pragensern
1895 2749 2218 2815 episcopum,
2256 2763 2378 2800 cum
2411 2750 2632 2813 copiosa

240 2815 586 2872 multitudine
620 2835 763 2870 anno
802 2823 934 2871 1291
970 2820 1028 2869 in
1066 2818 1383 2870 cracoviam
1420 2819 1726 2883 destinavit,
1775 2823 2038 2882 quatenus
2084 2833 2144 2869 se
2179 2819 2394 2868 nomine
2430 2831 2527 2868 suo
2563 2814 2630 2867 de

238 2891 372 2939 terra
411 2890 809 2942 intromitteret.
864 2888 954 2940 Sic
987 2903 1080 2939 rex
1115 2888 1469 2939 Weneeslaus
1508 2886 1756 2939 dominus
1791 2887 1969 2938 factus
2004 2891 2088 2937 est
2123 2887 2434 2952 cracoviae,
2470 2889 2631 2951 atque

242 2956 347 3008 dux
382 2959 585 3025 exinde
619 2959 911 3015 Craeoviae
946 2957 1423 3024 Sandomiriaeque
1458 2957 1854 3024 nominabatur.

444 3030 576 3096 Ipse
608 3044 699 3080 rex
735 3043 876 3080 anno
897 3028 1240 3094 subsequenti
1276 3027 1339 3077 de
1374 3027 1549 3092 Praga
1584 3041 1826 3094 egressus
1863 3031 1957 3090 est,
1995 3025 2310 3076 ctaeoviam
2341 3024 2620 3106 petiturus,

240 3095 331 3146 ubi
366 3097 437 3148 ab
474 3099 741 3150 universis
802 3095 1041 3162 ejusdem
1096 3097 1324 3148 ducatus
1371 3096 1644 3148 nobilibus
1692 3112 1814 3147 cum
1858 3095 2067 3161 ingenti
2099 3087 2311 3146 laetitia
2346 3098 2623 3159 susceptus

243 3169 322 3216 est
355 3156 582 3232 (chron.
617 3167 792 3219 Aulae
827 3165 1069 3232 Regiae).

1390 3476 1471 3540 87

242 3608 691 3711 Infeudatio
764 3618 846 3700 et
924 3611 1417 3707 investitura
1486 3611 1936 3696 wenceslai
2007 3611 2106 3694 II.
2178 3632 2320 3718 per
2392 3608 2622 3706 Adol-

896 3723 906 3732 '
1136 3715 1376 3823 phum
1418 3739 1708 3824 regem.

1350 3855 1533 3920 1292.

442 4013 600 4064 Anno
637 4015 773 4066 1292
808 4019 930 4080 post
962 4013 1234 4080 Rudolphi
1250 4018 1471 4064 mortem
1507 4009 1785 4076 Adolphus
1820 4025 1996 4064 comes
2033 4010 2100 4060 de
2134 4010 2345 4064 Nassau
2363 4010 2422 4060 in
2441 4024 2620 4076 regem

247 4078 601 4141 Romanorum
636 4083 835 4136 electus
870 4087 969 4152 est,
1004 4085 1315 4151 praesertim
1351 4081 1670 4144 wenceslao
1705 4081 1944 4148 principe
1976 4080 2232 4150 Boemiae
2285 4083 2620 4158 procurante.

444 4153 825 4222 Wenceslaum
859 4168 949 4204 rex
986 4151 1264 4218 Adolphus
1301 4153 1365 4204 de
1400 4167 1565 4220 regno
1603 4146 1858 4204 Boemiae
1891 4148 2187 4223 infeudavit
2236 4153 2288 4203 et
2331 4149 2458 4219 inge
2485 4148 2625 4232 tiyit,

249 4223 309 4269 ut
336 4224 596 4274 mutantur
628 4218 817 4274 literae
863 4221 951 4274 hic
997 4223 1211 4285 allatae,
1251 4237 1389 4286 quae
1422 4223 1481 4272 in
1516 4209 1786 4272 coldastii
1818 4218 2062 4286 Append.
2113 4217 2425 4270 Document.
2459 4164 2620 4284 zypis

250 4294 533 4359 exscriptae
565 4292 833 4357 leguntur.
