3150 5017
1544 297 1974 364 -78-

733 469 796 534 2.
841 467 914 534 Si
976 467 1241 556 quidem
1307 469 1641 553 volumus,
1686 478 1760 534 ut
1804 471 2177 557 quicunque
2234 469 2477 534 civium
2537 467 2835 534 homines
2884 475 2949 534 et

560 557 1008 642 possessiones
1053 566 1242 622 extra
1285 558 1618 622 civitatem
1661 556 1949 622 habeant
1969 603 1987 639 ‚
2044 555 2295 621 nullam
2358 556 2485 642 (in)
2530 557 2693 640 ipsis
2728 555 2944 640 judex

560 642 984 729 provincialis
1025 643 1132 708 vel
1178 644 1374 708 etiam
1418 643 1532 710 alii
1576 643 1956 709 beneficarii
1998 644 2399 730 provinciae,
2444 645 2555 725 ita,
2602 651 2675 706 ut
2717 641 2803 707 ab
2850 643 2947 706 eis

516 796 524 804 Χ
561 749 683 794 nec
727 731 1025 811 citentur‚
1071 750 1195 794 nec
1239 731 1434 795 etiam
1473 730 1875 814 judicentur,
1899 729 2187 796 habeant
2228 737 2638 816 potestatem,
2685 727 2803 795 sed
2838 729 2947 813 ju-

563 815 864 881 dicentur
907 837 948 880 a
981 815 1212 902 judice
1257 817 1564 882 civitatis.

731 901 791 967 3.
815 901 1004 982 Item,
1029 902 1392 984 statuimus,
1416 911 1490 968 ut
1513 923 1971 990 quemcunque
2002 910 2151 989 post
2192 903 2677 968 revocationem
2724 921 2948 964 mone-

558 997 671 1054 tae
706 987 882 1052 infra
926 987 1064 1052 XII
1105 987 1506 1054 ebdomadas
1549 990 1927 1055 invenerint
1969 989 2314 1054 monetarii
2342 989 2550 1054 nostri
2576 1008 2804 1052 aurum
2840 987 2948 1050 vel

555 1083 898 1160 argentum
929 1084 1251 1140 ementem
1297 1075 1384 1140 ad
1407 1077 1928 1141 aestimationem
1955 1075 2236 1140 duarum
2264 1095 2625 1140 marcarum
2658 1075 2947 1158 argenti:

557 1160 834 1226 eandem
879 1160 1116 1226 tollant
1158 1165 1526 1248 pecuniam,
1571 1163 1786 1248 gratia
1830 1161 2179 1236 mediante,
2226 1182 2351 1226 nec
2395 1161 2669 1226 ulterius
2711 1162 2778 1224 in
2807 1183 2949 1246 per-

561 1267 726 1312 sona
767 1249 1086 1335 emptoris
1143 1268 1268 1314 nec
1309 1251 1379 1313 in
1427 1248 1649 1335 aliqua
1708 1247 2074 1315 substantia
2132 1247 2425 1334 ejusdem
2484 1245 2775 1312 habeant
2832 1268 2949 1332 po-

563 1343 888 1400 testatem.
2400 1343 2431 1368 ⁸

561 1441 570 1450 ·
737 1420 799 1485 4.
818 1421 1252 1486 Decrevimus
1269 1423 1485 1503 etiam,
1509 1429 1585 1486 ut
1607 1422 1675 1485 in
1700 1422 1968 1486 civitate
1990 1421 2424 1507 proprietates
2453 1419 2723 1500 habens,
2742 1419 2953 1504 possit

563 1509 825 1574 easdem
874 1507 1164 1574 vendere
1207 1505 1457 1593 absque
1501 1507 1975 1594 impedimento
2022 1505 2350 1594 quoslibet
2382 1527 2701 1594 personae
2730 1510 2951 1570 neces-

565 1596 756 1659 sitate
800 1601 1092 1678 cogente.

735 1681 796 1744 5.
843 1678 1018 1744 Sane
1109 1681 1522 1765 raecipimus,
1567 1701 1651 1744 ne
1696 1680 1777 1744 de
1822 1688 2037 1746 cetero
2084 1679 2315 1744 sintin
2348 1679 2612 1744 civitate
2660 1677 2949 1742 aridaria

561 1764 966 1842 braziorum3
1014 1701 1302 1850 afioquin
1348 1765 1671 1848 volumus,
1716 1774 1791 1830 ut
1834 1786 2245 1852 possessores
2290 1787 2514 1830 eorum
2540 1765 2623 1830 de
2646 1764 2948 1850 dampnis

607 1851 1001 1934 uibuslibet,
1049 1871 1217 1937 quae
1268 1857 1560 1938 ipsorum
1620 1853 1963 1918 occasione
2022 1853 2440 1933 emerserint,
2502 1850 2701 1915 laesis
2760 1851 2945 1916 satis-

597 1937 836 2020 aciant,
882 1947 956 2003 ut
999 1949 1099 2004 est
1135 1938 1406 2022 justum.

739 2026 797 2092 6.
864 2023 1246 2090 Inhibemus
1313 2025 1510 2090 etiam
1531 2073 1548 2104 ,
1622 2046 1707 2090 ne
1767 2024 1849 2089 de
1924 2033 2139 2090 cetero
2200 2025 2331 2089 sint
2389 2024 2701 2090 tabernae
2761 2031 2943 2089 extra

563 2111 892 2177 civitatem
939 2111 1026 2177 ad
1069 2111 1322 2176 miliare
1366 2112 1436 2175 in
1481 2110 1671 2176 bonis
1716 2111 2003 2195 alicujus
2060 2118 2318 2197 praeter
2361 2109 2536 2175 bona
2580 2119 2645 2174 et
2688 2131 2881 2195 posse
2898 2134 2938 2174 ι·

561 2199 778 2264 siones
823 2199 1060 2264 notarii
1102 2199 1465 2263 Brunensis
1525 2197 1640 2283 qui
1700 2197 2021 2283 capellam
2070 2197 2134 2263 S.
2192 2197 2491 2284 Procopii
2536 2195 2839 2263 habuerit
2882 2207 2943 2262 et

563 2293 916 2351 monetam.
1436 2342 1441 2356 ,

736 2371 799 2434 ’1.4
864 2367 1292 2436 Prohibemus
1363 2370 1581 2452 etiam,
1643 2391 1728 2434 ne
1774 2370 1919 2456 quis
1966 2367 2254 2455 aliquem
2304 2371 2572 2456 proprio
2616 2391 2787 2455 pane
2832 2391 2935 2434 ca-

562 2465 814 2522 rentem
889 2457 956 2520 in
1024 2454 1181 2523 ludo
1242 2457 1578 2522 deciorum
1635 2456 2082 2542 dampnificet‚
2146 2455 2319 2521 ultra
2379 2477 2583 2541 quam
2640 2461 2728 2521 sit
2789 2458 2929 2543 ejus

562 2541 752 2608 valor
795 2543 1098 2608 vestium.

734 2628 796 2693 8.
862 2628 1029 2694 Item
1053 2678 1072 2705 ,
1133 2628 1388 2694 civibus
1448 2628 1887 2713 indulgemus,
1948 2637 2021 2692 ut
2080 2630 2453 2714 quicunque
2520 2628 2935 2694 mercimonia

564 2713 932 2780 deferentes
977 2716 1064 2780 ad
1104 2715 1435 2781 nundinas
1461 2715 1889 2780 Brunnenses
1936 2717 2255 2796 venerint,
2301 2713 2516 2778 tribus
2561 2722 2713 2780 ante
2776 2735 2929 2800 pen-

561 2807 852 2866 tecosten
899 2811 964 2868 et
1011 2812 1240 2884 postea
1283 2800 1556 2866 totidem
1605 2801 1985 2887 septimanis
2030 2822 2177 2866 cum
2226 2801 2363 2865 suis
2406 2800 2739 2866 mercibus
2802 2821 2929 2865 mo·

560 2887 900 2953 rabuntur.
1067 2915 1076 2922 ·
1132 2907 1141 2914 ’

730 2976 792 3040 9.
855 2973 1217 3040 Statuimus
1281 2974 1583 3058 insuper,
1632 2973 1809 3059 quod
1868 2974 2243 3059 quicunque
2306 2974 2549 3039 civium
2598 2975 2926 3054 moriatur,

557 3061 616 3125 si
659 3081 935 3126 uxorem
979 3059 1210 3125 habuit
1252 3059 1360 3124 vel
1405 3058 1668 3141 liberos,
1716 3059 1918 3144 judex
1964 3058 2073 3125 vel
2116 3059 2475 3124 advocatus
2518 3081 2928 3146 nequaquam

552 3147 944 3297 intrlpkmittat
1002 3167 1073 3211 se
1139 3145 1222 3213 de
1279 3146 1472 3212 bonis
1515 3147 1837 3230 ipsorum,
1879 3144 1997 3211 sed
2042 3145 2173 3212 sint
2220 3148 2287 3210 in
2336 3154 2657 3232 potestate
2711 3146 2928 3212 uxoris

559 3239 626 3298 et
699 3232 713 3246 ”
767 3253 1046 3296 erorum.

733 3318 832 3382 10.
876 3317 958 3382 In
1004 3317 1272 3383 arbitrio
1305 3339 1562 3404 quoque
1610 3319 1694 3382 sit
1739 3317 1996 3403 viduae,
2043 3339 2173 3382 non
2220 3317 2470 3384 nubere
2514 3315 2621 3383 vel
2668 3318 2925 3391 nubere,

553 3403 919 3489 cuicunque
944 3401 1118 3481 velit,
1165 3403 1408 3490 absque
1454 3403 1748 3491 quolibet
1788 3403 2291 3490 impediment03
2327 3404 2502 3470 idem
2548 3425 2811 3490 quoque
2838 3414 2927 3469 sta

554 3491 798 3556 tuimus
845 3490 926 3554 de
973 3489 1110 3554 filia
1150 3489 1259 3555 vel
1303 3500 1500 3577 nepte
1545 3489 1899 3575 cujuslibet
1946 3490 2210 3571 civium,
2257 3490 2433 3577 quod
2476 3498 2543 3554 et
2587 3490 2669 3556 de
2716 3492 2929 3556 vidua.

736 3577 834 3641 11.
883 3574 953 3640 Si
999 3583 1216 3640 autem
1261 3577 1495 3663 is„qui
1542 3578 1835 3656 moritur,
1882 3597 2015 3640 non
2058 3576 2364 3641 habuerit
2409 3598 2683 3642 uxorem
2729 3577 2838 3642 vel
2861 3577 2927 3641 li-

554 3660 772 3746 beros,
819 3670 884 3728 et
929 3662 1069 3726 sine
1113 3669 1504 3728 testamento
1549 3671 1617 3727 et
1659 3660 2065 3727 ordinatione
2094 3683 2307 3728 rerum
2342 3683 2609 3728 suarum
2640 3662 2927 3746 decedit;

555 3748 751 3832 bona,
797 3769 968 3835 quae
1009 3747 1360 3834 relimquit,
1407 3749 1706 3834 proximo
1749 3747 1977 3814 heredi
2024 3771 2141 3813 suo
2186 3747 2442 3815 cedant.

738 3836 837 3902 12.
882 3834 1072 3917 Item,
1117 3835 1454 3916 volumus,
1516 3841 1590 3898 ut
1632 3833 1891 3900 advena
1938 3833 2177 3921 hospes
2220 3835 2289 3898 in
2338 3835 2605 3900 civitate
2650 3836 2931 3902 moriens

559 3921 641 3986 de
683 3920 880 3987 rebus
926 3921 1060 3986 suis
1105 3920 1424 4008 quidquid
1469 3919 1910 4003 ordinaverit,
1955 3931 2168 3986 ratum
2214 3931 2279 3987 et
2322 3921 2581 3987 firmum
2626 3926 2927 3987 volumus

555 4027 978 4094 permanere3
1025 4009 1081 4072 si
1125 4029 1280 4074 vero
1327 4008 1609 4073 moriens
1652 4005 1817 4072 nihil
1862 4007 2290 4089 ordinaverit,
2337 4009 2525 4074 cives·
2560 4008 2930 4074 custodiant

554 4105 662 4160 r‘es
707 4093 998 4158 defuncti
1040 4115 1158 4180 per
1199 4116 1446 4160 annum
1490 4103 1554 4159 et
1601 4093 1793 4174 diem,
1838 4093 2011 4158 infra
2055 4095 2231 4181 quod
2262 4095 2571 4180 spatium,
2597 4095 2651 4160 si
2679 4097 2931 4163 venerit

556 4179 818 4267 aliquis,
860 4182 969 4265 qui
1016 4202 1086 4246 se
1131 4182 1376 4247 socium
1423 4180 1529 4245 vel
1551 4179 1863 4248 heredem
1886 4179 1992 4246 vel
2018 4180 2405 4247 creditorem
2439 4180 2733 4248 defuncti
2772 4190 2926 4248 met-

557 4266 796 4336 tercius
841 4265 1260 4333 honestorum
1305 4269 1599 4334 virorum
1643 4265 2053 4353 probaverit,
2100 4267 2313 4334 eidem
2368 4269 2621 4353 absque
2672 4277 2923 4336 contra·
