3150 5017
550 324 687 373 nm.
730 324 825 373 1v.
1514 340 1604 353 —-
1687 302 1820 369 380
1901 338 1988 353 —

552 486 731 545 tores
775 474 1190 543 sufficienter
1230 476 1588 544 instructos
1648 484 1716 545 et
1759 496 1977 541 coram
2023 476 2191 542 actis
2235 482 2352 541 aut
2393 473 2759 541 urburariis
2818 474 2919 541 vel

550 565 884 651 magistris
926 564 1245 629 montium
1269 561 1559 649 legitime
1589 564 1984 643 constitutis,
2030 563 2124 627 ita
2146 571 2387 639 tamen,
2432 569 2506 626 ut
2529 569 2922 648 procurator,

550 653 663 738 qui
706 651 973 717 nomine
1018 650 1309 717 absentis
1354 651 1493 753 agit
1534 659 1652 716 aut
1696 648 2010 731 defendit,
2055 648 2350 733 satisdet‚
2395 648 2735 713 dominum
2789 670 2916 713 rem

544 744 755 804 ratam
800 736 1196 820 habiturum,
1242 746 1357 803 aut
1392 734 1767 823 judicatum
1831 735 2034 820 solvi;
2097 737 2256 823 quia
2300 757 2494 801 nemo
2539 744 2916 821 procurator

537 825 615 889 in
674 846 746 891 re
804 824 1024 890 aliena
1081 824 1225 891 sine
1268 823 1696 889 satisdatione
1738 822 2016 889 idoneus
2061 844 2204 889 esse
2265 822 2576 905 creditur,
2645 822 2704 885 si
2749 823 2917 908 prin-

545 910 796 998 cipales
855 932 1177 998 personae
1242 930 1381 975 rem
1446 920 1658 976 ratam
1723 908 2100 975 habituram
2171 908 2274 975 vel
2331 908 2710 994 judicatum
2760 908 2917 973 solvi

546 1017 667 1085 pro
712 998 849 1065 suis
894 995 1449 1085 procuratoribus,
1495 998 1674 1084 ipsos
1718 996 1804 1061 ab
1852 996 2028 1061 omni
2078 993 2508 1062 satisdatione
2531 994 2920 1076 relevantes,

547 1105 619 1151 se
662 1084 847 1151 nullo
892 1082 1087 1151 modo
1132 1084 1524 1171 obligarunt.
1585 1084 1640 1169 §-
1685 1084 1748 1151 4.
1792 1082 2013 1147 Etiam
2059 1091 2397 1149 consortes
2443 1081 2743 1167 ejusdem
2794 1080 2920 1145 litis

547 1174 693 1239 sine
735 1170 1047 1238 mandato
1092 1192 1287 1259 agere
1330 1182 1627 1258 possunt,
1673 1168 2026 1237 dummodo
2071 1179 2442 1237 consortem
2509 1176 2924 1235 consortesve

548 1278 704 1326 suos
748 1280 883 1325 rem
929 1267 1141 1327 ratam
1187 1267 1467 1325 caveant
1508 1256 1870 1325 habituros.

722 1692 784 1759 5.
830 1692 921 1759 Et
962 1692 1059 1759 sic
1080 1691 1236 1779 jura
1265 1688 1664 1779 adaptantur
1684 1688 1772 1757 ad
1809 1712 1906 1766 ea,
1939 1711 2108 1778 quae
2145 1688 2554 1778 frequentius
2575 1691 2645 1756 in
2665 1690 2934 1778 judiciis

549 1779 986 1861 ventilantur3
1054 1778 1172 1845 sed
1237 1778 1323 1844 ad
1391 1799 1502 1853 ea,
1564 1798 1733 1865 quae
1793 1798 1940 1843 raro
2009 1777 2352 1860 accidunt,
2419 1788 2573 1845 ante
2639 1780 2660 1842 i
2717 1800 2930 1843 sorum

550 1875 861 1935 eventum
896 1867 1051 1953 jura
1110 1864 1407 1952 adaptari
1451 1885 1585 1931 non
1631 1875 1928 1953 possunt,
1988 1864 2104 1932 sed
2166 1865 2292 1931 erit
2349 1863 2432 1931 de
2477 1864 2675 1930 simili
2731 1888 2812 1931 us
2855 1864 2935 1931 ad

547 1953 792 2022 similia
835 1951 1346 2040 procedendum.

1567 2232 1747 2317 Gap.
1793 2232 1912 2298 lv.

1519 2351 1622 2417 De
1669 2352 1960 2437 judiciis.

723 2492 1104 2561 Tractatum
1174 2498 1273 2557 est
1344 2512 1546 2577 supra
1611 2491 1681 2556 in
1764 2487 2313 2578 praecedentibus
2379 2490 2462 2556 de
2529 2489 2926 2576 quibusdam

549 2576 1131 2733 gm⁹⁸mb¹ffli⁸stfl³
1186 2575 1591 2664 judiciorum
1639 2578 2026 2679 exercitium
2095 2578 2528 2664 opportunis3
2575 2577 2926 2649 sednunc

596 2688 635 2735 e
677 2688 905 2837 ¹1§.wlff
914 2664 1169 2818 Ἓίιῑωοιέῒ
1196 2664 2504 2838 ξιθιὲἰὲἶιῗξθαῗῒιέᾱξὲῒῐιῑιιεορθτεοηαωω
2566 2750 2924 2837 legitimus,

548 2841 803 2909 scilicet
835 2839 1103 2926 judicis,
1148 2840 1409 2921 actoris,
1454 2848 1522 2905 et
1564 2840 1680 2905 rei.
1769 2840 1824 2924 §-
1870 2840 1932 2904 2.
2000 2837 2207 2904 Actor
2266 2847 2487 2904 autem
2557 2837 2804 2907 dicitur
2850 2838 2928 2903 ab

549 2924 826 3015 agendo,
870 2946 1023 2993 reus
1047 2933 1268 2992 autem
1313 2945 1447 2991 non
1492 2925 1578 2993 ab
1622 2934 1828 3002 reatu,
1872 2923 1990 2991 sed
2034 2946 2075 2989 a
2117 2946 2210 3006 re,
2257 2946 2426 3011 quae
2473 2927 2740 3011 petitur.
2787 2930 2848 3007 ξ.
2879 2925 2936 2989 3.

550 3015 769 3083 Omne
832 3022 1051 3080 autem
1112 3012 1441 3100 judicium
1508 3020 1892 3077 montanum
1971 3019 2085 3076 aut
2157 3020 2258 3077 est
2333 3012 2754 3078 ordinarium
2827 3021 2934 3077 aut

550 3100 1169 3169 extraordinarium.
1259 3102 1320 3181 ἓ.
1364 3100 1426 3165 4.
1484 3099 1526 3164 J
1530 3098 1820 3164 udicium
1895 3098 2302 3164 ordinarium
2365 3107 2486 3178 est,
2533 3120 2685 3163 cum
2722 3098 2936 3186 judex

548 3190 789 3255 sedens
855 3208 973 3274 pro
1040 3184 1375 3269 tribunali,
1443 3186 1620 3251 infra
1685 3194 1970 3273 quatuor
2037 3184 2272 3251 sedilia
2332 3186 2752 3271 congregatis
2815 3186 2932 3250 ibi·

546 3275 698 3343 dem
742 3272 1074 3361 aliquibus
1112 3274 1355 3360 juratis
1414 3294 1495 3338 ac
1553 3272 1704 3339 aliis
1772 3294 2049 3359 quorum
2118 3274 2411 3353 interest,
2471 3276 2690 3359 ipsum
2752 3273 2932 3359 judi-

548 3367 722 3428 cium
769 3381 1199 3448 processurus
1242 3358 1313 3425 in
1358 3361 1577 3425 causis
1643 3354 1824 3425 more
1869 3367 2188 3425 consueto
2233 3358 2614 3424 corroborat
2659 3368 2729 3425 et
2773 3380 2931 3425 con—

546 3449 797 3515 firmat:
856 3446 1007 3513 Hoc
1078 3447 1254 3512 enim
1322 3447 1660 3533 quaeritur
1727 3445 2182 3533 sollempniter
2248 3465 2289 3510 a
2348 3446 2628 3534 juratis,
2694 3467 2785 3512 an
2858 3468 2934 3511 eo

545 3536 653 3603 die
695 3544 764 3603 et
806 3533 920 3600 illa
964 3531 1125 3599 hora
1168 3532 1347 3600 licite
1394 3533 1601 3619 possit
1637 3533 1893 3619 judicio
1939 3531 2344 3620 praesidere,
2403 3542 2473 3597 et
2519 3532 2733 3619 jurati
2779 3554 2930 3599 sen-

544 3622 827 3689 tentiant
850 3619 1022 3686 diem
1046 3640 1181 3685 una
1204 3641 1354 3685 cum
1378 3620 1541 3684 hora
1563 3641 1711 3685 esse
1754 3619 2012 3686 habiles
2051 3620 2308 3707 judicio
2352 3619 2805 3705 praesidendi,
2853 3640 2929 3685 eo

544 3707 726 3796 quod
768 3727 892 3774 nec
935 3707 1079 3773 dies
1124 3715 1222 3772 est
1266 3706 1558 3788 feriatus,
1604 3728 1730 3773 nec
1777 3708 1978 3773 etiam
2002 3706 2164 3771 hora
2198 3704 2424 3789 tarda3
2471 3729 2626 3772 nam
2663 3708 2934 3794 judices

546 3802 854 3861 tenentur
898 3792 983 3859 ob
1027 3796 1463 3861 reverentiam
1511 3794 1640 3859 Dei
1688 3792 1916 3859 differe
1961 3802 2258 3880 tempore
2303 3790 2540 3860 feriato
2601 3801 2668 3859 et
2731 3795 2934 3859 etiam

548 3891 701 3948 ante
744 3881 956 3947 noctis
998 3879 1309 3947 tenebras
1353 3880 1691 3968 perficere,
1739 3880 1917 3967 quod
1959 3879 2286 3945 incumbit
2327 3900 2426 3961 eo,
2474 3878 2653 3968 quod
2696 3901 2781 3966 op
2835 3901 2932 3945 or·

548 3969 797 4035 tunitas
860 3965 1278 4033 tenebrarum
1362 3968 1572 4033 malos
1637 3966 1939 4034 homines
2001 3966 2090 4031 ad
2149 3966 2664 4053 delinquendum
2731 3989 2768 4033 e
2849 3968 2936 4030 cit

549 4055 913 4142 proniores.
958 4056 1018 4135 ἓ.
1064 4054 1127 4121 5.
1170 4054 1434 4120 Judicio
1481 4063 1702 4120 autem
1747 4053 1874 4119 hoc
1918 4053 2151 4119 ordine
2196 4051 2694 4140 sollempnizato
2709 4054 2930 4139 judex

550 4161 733 4207 more
798 4138 989 4206 solito
1055 4162 1283 4227 pacem
1340 4142 1732 4227 judicialem
1798 4138 2105 4205 omnibus
2172 4141 2550 4216 auctorizet,
2617 4140 2930 4227 quodque

552 4236 855 4295 servetur
898 4225 1208 4293 honestas
1250 4234 1318 4292 et
1360 4230 1734 4295 reverentia
1767 4227 2106 4313 judicialis
2150 4228 2351 4293 castis
2395 4226 2687 4294 moribus
2710 4248 2930 4314 perso·

552 4321 753 4381 vetet.
838 4313 899 4399 §-
956 4312 1021 4377 6.
1077 4312 1168 4379 Et
1224 4321 1385 4381 tunc
1442 4316 1897 4403 unusquisque
1962 4335 2082 4401 per
2140 4312 2540 4382 advocatum
2603 4320 2930 4403 proponat
