3150 5017
1490 311 1964 379 ...438-

550 484 753 551 frater
791 490 1018 550 >noster
1050 484 1192 570 jam
1237 483 1608 569 praedictus
1651 484 1824 553 infra
1868 484 2374 573 subsequentem
2407 508 2654 553 annum
2694 510 2735 555 a
2755 488 2914 556 data

552 571 991 660 praesentium
1036 570 1537 637 numerandum.
2799 602 2810 615 ·

720 656 813 725 Ut
869 665 1087 724 autem
1146 677 1537 726 consensum
1598 666 1665 724 et
1721 658 2284 726 ratishabitionem
2329 662 2536 748 patris
2579 668 2647 727 et
2689 660 2912 728 fratris

547 747 756 812 nostri
800 742 1282 832 praedictorum
1345 745 1518 813 infra
1578 747 1890 813 terminos
1931 745 2304 833 praedictos
2347 748 2610 814 efficere
2653 757 2721 816 et
2809 770 2913 815 ro-

548 852 779 900 curare
821 841 1181 914 teneamur,
1228 852 1351 899 nos
1395 834 1713 921 oppidum
1757 855 1875 899 seu
1918 835 2349 900 munitionem
2395 834 2681 916 Chabina,
2818 838 2912 900 hi-

548 919 799 987 delowe
842 940 991 985 cum
1037 919 1411 987 hominibus
1470 928 1537 987 et
1595 919 1785 987 bonis
1843 918 2198 987 infeudatis
2243 930 2311 989 et
2354 943 2487 989 non
2530 920 2909 997 infeudatis,

546 1028 697 1075 cum
742 1006 1047 1073 omnibus
1083 1005 1346 1090 juribus
1412 1016 1479 1074 et
1535 1008 1948 1094 pertinentiis
2005 1008 2144 1073 suis
2185 1010 2384 1075 etiam
2428 1009 2513 1075 ab
2560 1008 2700 1079 ius,
2719 1016 2905 1097 parte

546 1115 776 1183 aquae,
822 1112 994 1181 quae
1035 1092 1306 1197 Sprewa
1348 1091 1608 1176 dicitur,
1653 1095 1721 1160 in
1768 1115 1900 1182 qua
1941 1094 2207 1182 quidem
2253 1102 2439 1183 parte
2481 1095 2895 1184 praedictum

544 1181 858 1269 oppidum
904 1179 1167 1247 Ohubm
1211 1182 1406 1247 situm
1473 1190 1594 1263 est,
1653 1182 2091 1269 obligavimus
2139 1192 2206 1247 et
2295 1182 2701 1251 raesentibus
2744 1182 2908 1250 obli·

543 1290 793 1356 gamus,
836 1269 929 1333 ita
949 1266 1274 1345 videlicet,
1320 1269 1496 1355 quod
1538 1268 1594 1333 si
1619 1270 1958 1357 utriusque
1981 1289 2098 1334 seu
2140 1289 2242 1334 am
2337 1291 2478 1336 rum
2515 1288 2907 1337 consensum

545 1366 611 1423 et
652 1354 1179 1422 ratihabitionem
1224 1363 1289 1421 et
1332 1356 1557 1421 literas
1623 1355 2152 1423 ratihabitionem
2198 1366 2264 1423 et
2308 1377 2702 1424 consensum
2746 1377 2904 1425 con-

541 1444 827 1509 tinentes
868 1439 1245 1529 hujusmodi
1289 1442 1555 1509 minime
1600 1444 2184 1530 procuraverimus‚
2230 1452 2304 1510 ut
2345 1453 2447 1511 est
2489 1443 2772 1512 dictum:
2819 1465 2907 1511 ex

544 1538 703 1597 tunc
744 1528 920 1596 idem
965 1549 1004 1594 o
1052 1529 1279 1616 pidum
1337 1537 1405 1596 et
1462 1538 1749 1595 castrum-
1811 1550 1959 1597 cum
2004 1531 2306 1598 omnibus
2342 1530 2606 1619 juribus
2647 1541 2714 1599 et
2755 1533 2906 1599 atti-

542 1617 784 1685 nentiis
815 1636 976 1704 prae
1024 1616 1176 1682 ictis
1198 1616 1419 1703 quoad
1462 1615 1824 1684 dominium
1869 1625 1934 1684 et
1977 1620 2454 1706 possessionem
2497 1617 2772 1721 perdere
2795 1618 2905 1685 de-

542 1703 774 1772 bemus
816 1712 883 1769 et
924 1703 1054 1789 ipsi
1098 1701 1363 1769 domino
1422 1702 1918 1791 archiepiscopo
1977 1712 2044 1770 et
2086 1726 2244 1775 suae
2287 1706 2609 1773 ecclesiae
2650 1705 2904 1793 acquiri

544 1791 739 1858 debet
779 1798 845 1857 et
886 1788 1095 1857 libere
1156 1792 1579 1877 praesentari,
1640 1800 1714 1857 ut
1769 1791 1943 1858 idem
2005 1792 2307 1860 dominus
2367 1793 2902 1881 archiepiscopus

541 1887 610 1947 et
650 1899 771 1944 sua
835 1875 1115 1945 ccclesia
1171 1876 1577 1965 praedictum
1621 1877 1943 1965 oppidum.
1975 1889 2041 1945 et
2083 1889 2369 1947 castrum
2412 1900 2561 1947 cum
2607 1882 2904 1967 ipsorum

541 1966 953 2054 pertinentiis
997 1964 1237 2031 habeat
1277 1974 1343 2031 et
1387 1964 1721 2049 possideat
1761 1975 2076 2053 perpetuo
2121 1968 2318 2054 pleno
2355 1968 2531 2054 jure.

709 2052 875 2117 Item
920 2054 1451 2137 recognoscimus
1681 2062 2077 2139 praesentes,
2133 2052 2310 2143 quod
2369 2056 2423 2120 si
2465 2053 2737 2121 feudum
2781 2074 2903 2121 seu

530 2140 645 2229 jus
685 2137 946 2205 feudale
990 2146 1303 2218 nostrum,
1392 2160 1477 2206 uo
1564 2141 1637 2205 in
1684 2136 1971 2206 marchia
2015 2139 2350 2229 praedicta
2391 2140 2637 2209 habere
2682 2150 2748 2208 et
2791 2162 2896 2209 re·

536 2228 813 2294 tinuisse
833 2226 1298 2312 dignoscimur,
1344 2247 1385 2291 a
1408 2227 1568 2313 iqua
1610 2227 2000 2295 necessitate
2029 2236 2325 2315 cogente,
2372 2236 2596 2315 utpote
2628 2236 2900 2315 propter

536 2315 981 2401 captivitatem
1046 2321 1337 2379 nostram
1404 2322 1520 2379 aut
1590 2323 1958 2381 nostrorum
2031 2315 2369 2381 hominum
2437 2323 2550 2381 aut
2623 2325 2899 2403 propter

533 2422 803 2488 guerras
847 2399 1104 2468 habitas
1150 2398 1257 2466 vel
1303 2399 1662 2484 habendas,
1708 2400 1815 2467 vel
1875 2410 2142 2490 propter
2184 2422 2399 2468 rerum
2443 2404 2734 2489 inopiam
2784 2411 2894 2469 aut

529 2510 647 2575 pro
696 2497 793 2553 ter
836 2507 1037 2552 onera
1079 2482 1445 2553 debitorum
1489 2508 1760 2555 necesse
1818 2486 2211 2556 haberemus
2275 2488 2558 2556 vendere
2618 2488 2726 2557 vel
2793 2490 2888 2555 in·

530 2576 641 2642 feu
690 2596 799 2641 are
845 2580 957 2639 aut
999 2572 1193 2639 modo
1252 2573 1545 2659 quolibet
1605 2573 1924 2642 alienare:
1994 2577 2118 2643 hoc
2161 2577 2344 2665 prius
2386 2574 2722 2664 praedicto
2769 2576 2888 2643 do·

532 2663 709 2727 mino
754 2659 1241 2747 archiepiscopo
1300 2668 1367 2726 et
1423 2682 1584 2729 suae
1643 2662 1964 2729 ecclesiae
2023 2663 2408 2731 denuntiare
2467 2662 2782 2731 debemus
2830 2673 2896 2729 et

535 2750 696 2837 ipsis
738 2744 1178 2835 comparanda
1220 2768 1339 2813 seu
1382 2749 1662 2816 emenda
1701 2748 2034 2815 exhibere.

707 2836 901 2919 Quod
944 2835 999 2899 si
1058 2832 1232 2900 idem
1295 2834 1602 2903 dominus
1647 2837 2177 2925 archiepiscopus
2234 2845 2301 2904 et
2356 2838 2563 2924 ipsius
2607 2835 2896 2903 ecclesia

533 2945 615 2991 ea
658 2942 1035 3009 comparare
1102 2942 1219 2987 seu
1263 2942 1479 2989 emere
1536 2921 1884 3004 voluerint,
1943 2923 2068 2990 hoc
2120 2922 2366 2990 facient
2407 2922 2493 2991 ad
2535 2923 2894 2990 aestimati·

530 3031 723 3078 onem
766 3030 885 3076 seu
929 3008 1269 3073 arbitrium
1294 3007 1606 3077 Richardi
1643 3010 1723 3076 de
1751 3010 2018 3077 Aleleve
2041 3010 2627 3098 Magdeburgensis
2669 3010 2893 3077 curiae

534 3097 835 3187 dapiferi,
911 3096 1185 3161 Henrici
1245 3093 1327 3161 dc
1388 3094 1677 3179 Alelen,
1731 3096 2098 3163 Hermanni
2157 3098 2240 3164 de
2297 3096 2668 3164 Wederden
2731 3097 2892 3162 dicti

532 3184 613 3252 de
657 3183 1077 3271 Warmpoter
1136 3181 1661 3250 ministerialium
1721 3184 1831 3248 Ma
1881 3184 2311 3270 debut-gensis
2376 3184 2718 3266 ecclesiae,
2766 3203 2890 3250 nec

468 3304 475 3315 ’
532 3294 664 3338 non
709 3269 1029 3337 Friderici
1086 3266 1170 3335 de
1230 3267 1758 3358 Oholchenburg,
1869 3270 2131 3337 riderici
2189 3271 2270 3338 de
2329 3270 2581 3354 Istrele,
2625 3270 2889 3337 Ottonis

532 3359 615 3425 de
660 3357 921 3424 Ilborch
968 3356 1125 3422 dicti
1169 3354 1353 3421 Slavi
1400 3355 1922 3424 ministerialium
1982 3358 2316 3440 ecclesiae,
2377 3360 2490 3445 qui
2547 3357 2632 3423 ad
2690 3358 2886 3424 aesti-

530 3445 841 3512 mandum
885 3442 1177 3509 valorem
1211 3443 1382 3530 juris
1425 3446 1653 3526 nostri,
1697 3444 1872 3533 quod
1929 3445 2000 3510 in
2060 3443 2254 3511 dictis
2307 3444 2496 3511 bonis
2553 3443 2885 3521 habemus,

530 3541 597 3601 et
640 3534 726 3598 ad
768 3528 1205 3598 ordinandum
1248 3532 1601 3597 terminum
1645 3553 1759 3597 seu
1804 3529 1977 3597 diem
2023 3531 2377 3599 solvendae
2400 3532 2726 3619 pecuniae
2770 3552 2886 3619 per

529 3620 933 3708 praedictum
992 3616 1329 3683 dominum
1393 3620 1962 3705 archiepiscopum
2027 3627 2092 3685 et
2151 3640 2338 3685 suam
2405 3618 2755 3685 ecclesiam
2821 3626 2886 3683 et

527 3702 2356 3879 332322531'315222”3221‘353330‘23352325332'
2396 3703 2489 3857 3?
2515 3704 2884 3858 ιξὶῗιῖῗᾟῗ

2336 3840 2355 3874 2

526 3882 735 3948 functi
791 3878 1261 3947 substituemus
1318 3898 1525 3965 aeque
1585 3879 1855 3966 dignum
1913 3877 2088 3946 infra
2143 3880 2515 3968 proximum
2571 3900 2884 3958 mensem,

574 3978 872 4057 ostquam
916 3984 1113 4053 super
1152 3964 1278 4031 hoc
1320 3986 1438 4051 per
1481 3968 1887 4053 praedictum
1935 3965 2268 4032 dominum
2313 3964 2880 4068 archiepiscopum

526 3992 843 4125 {norimus
903 4052 1230 4141 requisiti3
1292 4052 1415 4119 hoc
1474 4051 1650 4120 idem
1711 4050 1906 4119 debet
1962 4052 2178 4121 facere
2229 4060 2296 4119 et
2335 4052 2536 4119 faciet
2579 4051 2883 4118 dominus

528 4145 1053 4247 archiepiscopus
1118 4140 1551 4243 supradictus.
1640 4140 1822 4223 Quos
1887 4140 1944 4205 si
2014 4160 2148 4206 non
2212 4140 2560 4207 fecerimus
2581 4188 2600 4223 ,
2675 4138 2879 4226 Lipsk

528 4231 939 4312 intrabimus,
997 4226 1370 4315 praedictus
1429 4247 1588 4294 vero
1647 4224 1956 4293 dominns
2017 4225 2552 4314 archiepiscopus
2615 4224 2876 4313 Magdo-

530 4316 877 4402 burgensis
918 4358 1252 4383 ......
1298 4311 1384 4378 ad
1434 4314 1790 4395 jacendum
1851 4312 2150 4395 intrabit,
2212 4311 2388 4381 unde
2446 4310 2655 4409 nulla·
2689 4318 2875 4379 nocte
