3150 5017
1170 294 1609 364 ...77—

383 467 482 534 24.
527 469 594 534 Si
618 489 772 536 vero
795 467 1032 535 mulier
1051 471 1414 536 communis
1437 492 1508 536 se
1541 470 1967 556 conqueritur
1995 472 2061 536 vi
2086 489 2486 557 oppressam,
2520 479 2587 536 et

227 555 276 618 si
305 556 676 638 constiterit,
706 555 921 642 judex
956 557 1016 622 ei
1039 557 1402 623 satisfaciat
1445 556 1528 622 de
1572 578 1961 642 oppressore
1998 557 2197 643 juxta
2240 556 2585 622 consilium

225 651 282 706 et
323 649 700 708 sententiam
745 643 1148 726 juratorum3
1195 645 1264 708 in
1310 651 1627 729 potestate
1672 665 1931 730 quoque
1954 643 2201 728 judicis
2234 645 2375 727 erit,
2398 643 2583 709 illum

228 729 275 792 si
317 728 602 810 voluerit,
645 730 982 816 puniendi.

379 815 478 880 25.
525 815 595 880 Si
656 817 801 901 quis
861 817 1202 882 convictus
1265 815 1462 881 fuerit
1519 838 1639 902 per
1685 815 1815 880 VH
1873 817 2050 882 viros
2108 815 2459 884 credibiles
2518 825 2585 882 et

226 900 528 984 honestos,
573 901 752 988 quod
794 900 1034 968 falsum
1077 903 1520 969 testimonium
1577 901 2005 990 perhibuerit,
2074 912 2139 968 et
2198 902 2305 968 vel
2364 902 2583 967 Deum

225 986 318 1052 vel
358 998 614 1054 sanctos
660 987 1246 1074 blasphemaverit:
1293 988 1679 1056 excindetur
1721 988 1951 1075 lingua
1994 989 2171 1055 illius
2190 1037 2209 1072 ,
2254 987 2365 1056 vel
2408 989 2579 1056 redi·

225 1082 343 1140 met
381 1095 522 1140 eam
569 1076 860 1162 quinque
903 1075 1186 1142 talentis.

375 1160 686 1226 26.—1tem
706 1209 726 1244 ,
783 1160 960 1248 apud
1019 1183 1478 1249 quemcunque
1539 1162 1715 1228 infra
1756 1161 2075 1228 ambitum
2120 1163 2405 1228 civitatis
2450 1159 2584 1228 cul-

222 1245 398 1313 tellus
439 1246 696 1334 longus,
743 1249 857 1334 qui
923 1247 1160 1314 dicitur
1223 1248 1707 1332 „misericors,“
1770 1248 2382 1331 stechmezsir,
2444 1250 2584 1314 cin·

223 1331 360 1416 gulo
401 1356 758 1421 suspensus
802 1333 1246 1422 deprehensus
1292 1334 1512 1400 fuerit:
1563 1334 1747 1401 dabit
1780 1335 1995 1422 judici
2016 1358 2219 1401 unum
2264 1334 2585 1402 talentum

223 1429 280 1484 et
303 1421 656 1507 assignabit
678 1420 1038 1504 cultellum,
1084 1420 1188 1486 vel
1237 1443 1470 1488 manus
1513 1423 1722 1509 ipsius
1764 1421 2235 1488 transfodietur
2278 1422 2583 1503 cultello;

224 1508 321 1590 qui
379 1529 532 1573 vero
599 1507 940 1575 cultellum
1005 1508 1203 1574 talem
1293 1510 1363 1572 in
1438 1508 1652 1596 caliga
1716 1508 1994 1575 latenter
2078 1509 2437 1596 portaverit
2520 1517 2587 1574 et

223 1592 456 1678 furtive,
491 1594 706 1682 judici
754 1596 864 1660 det
909 1597 1199 1682 quinque
1242 1594 1508 1676 talenta,
1554 1594 1663 1660 vel
1708 1617 1976 1661 manum
2021 1598 2297 1662 amittat.

375 1679 540 1748 Sunt
585 1690 650 1748 et
690 1681 1166 1768 aliae'leges,
1214 1680 1689 1753 libertates
1736 1690 1801 1748 et
1836 1684 2041 1770 jura
2084 1682 2453 1748 necessaria
2496 1682 2585 1746 ci-

221 1766 402 1844 vitati,
445 1789 620 1855 quae
679 1769 990 1855 quoniam
1051 1789 1358 1851 praesens
1415 1771 1661 1855 pagina
1718 1768 1841 1834 fuit
1899 1768 2309 1836 insufficiens
2377 1769 2582 1834 conti·

221 1873 376 1937 nere,
419 1855 485 1920 in
529 1855 660 1920 hoc
717 1857 914 1921 etiam
974 1853 1356 1920 dilectorum
1417 1857 1661 1920 civium
1720 1863 2089 1922 nostrorum
2158 1856 2239 1922 de
2306 1855 2587 1922 Brunna

221 1937 292 2004 de
329 1943 533 2026 gratia
577 1942 851 2028 speciali
895 1963 1120 2027 preces
1165 1941 1576 2008 decrevimus
1620 1941 2080 2024 admittendas,
2144 1952 2216 2008 ut
2272 1963 2369 2018 ea,
2414 1963 2583 2028 quae

219 2036 460 2110 restant,
505 2027 630 2094 sub
705 2029 944 2094 nostris
1019 2031 1272 2115 possint
1335 2027 1570 2113 sigillis
1626 2029 1695 2092 in
1740 2028 1869 2092 alio
1934 2028 2269 2095 volumine
2314 2027 2577 2114 plenius

219 2123 527 2181 annotare.
619 2115 713 2180 Ut
769 2124 988 2180 autem
1047 2115 1416 2214 conscripta
1481 2123 1546 2180 et
1613 2113 2039 2180 nihilominus
2098 2113 2581 2180 conscribenda

94 2260 104 2268 .
217 2199 394 2266 robur
427 2187 724 2267 'habeant
766 2211 1120 2287 perpetuae
1165 2202 1511 2283 firmitatis,
1557 2223 1681 2266 nec
1726 2201 2039 2268 heredum
2084 2208 2197 2267 aut
2248 2220 2575 2266 successo-

216 2307 344 2351 rum
385 2297 756 2354 nostrorum
816 2290 1142 2375 quispiam
1212 2289 1279 2351 in
1341 2289 1719 2375 praedictae
1764 2289 2047 2354 civitatis
2094 2286 2571 2375 praejudicium

215 2381 272 2438 et
309 2396 658 2460 gravamen
727 2395 804 2441 ea
849 2397 1128 2457 cassare,
1191 2375 1294 2440 vel
1341 2374 1679 2461 quidpiam
1743 2373 1823 2440 de
1884 2375 2044 2461 ipsis
2090 2375 2569 2443 constitutioni·

217 2455 326 2524 bus
365 2463 602 2528 nostris
667 2460 901 2528 debeat
942 2463 1320 2527 immutare:
1435 2470 1802 2528 raesentem
1845 2463 2154 2548 paginam
2223 2459 2577 2548 praedictis

217 2547 448 2614 civibus
506 2549 750 2614 nostris
793 2555 860 2614 et
901 2569 1125 2614 eorum
1170 2484 1520 2614 heredibus
1563 2569 1643 2614 ac
1684 2549 1963 2634 posteris
2009 2569 2159 2612 cum
2204 2547 2575 2614 testimonio

215 2632 708 2722 subscriptorum
750 2635 822 2700 in
867 2635 1224 2702 earundem
1269 2634 1825 2701 confirmationem
1890 2634 2201 2700 duximus
2255 2633 2576 2701 exhiben-

215 2717 366 2806 dam,
409 2731 788 2788 nostrorum
824 2722 1186 2808 sigillorum
1219 2721 1579 2789 munimine
1626 2720 1998 2790 roboratam
2044 2729 2109 2788 et
2154 2719 2576 2812 perhenniter

217 2807 633 2962 vahtssdffes:
681 2894 954 2962 Withko
1002 2897 1402 2962 camerarius
1448 2895 1530 2962 de
1574 2893 1932 2981 Prybinich
1955 2943 1974 2978 ,
2019 2892 2293 2960 Withko
2338 2894 2579 2974 senior,

219 2975 467 3048 Withko
501 2982 586 3048 de
611 2982 800 3048 Novo
833 2982 1086 3064 Castr0,
1124 2982 1396 3048 Bochko
1421 2981 1855 3048 burchravius
1877 2980 2329 3067 Znoymensis‚
2357 2977 2581 3066 Cryho

215 3067 484 3152 Dapifer,
527 3069 908 3135 Ratiborius
933 3091 1080 3134 cum
1127 3069 1281 3135 filiis
1321 3068 1653 3135 Archlevo
1698 3076 1765 3134 et
1806 3068 1847 3133 J
1850 3065 2163 3144 enchone,
2192 3066 2437 3148 Victor,
2470 3063 2573 3132 Si-

216 3150 402 3220 fridus
443 3165 508 3222 et
553 3154 890 3223 Oodoldus
935 3155 1210 3242 orphani
1254 3165 1320 3222 et
1364 3157 1476 3222 alii
1519 3177 1717 3242 quam
1763 3152 2003 3242 plures.

367 3241 534 3309 Acta
581 3250 733 3308 sunt
775 3243 941 3308 haec
984 3263 1158 3308 anno
1202 3243 1595 3310 Dominicae
1634 3241 2105 3308 incarnationis
2140 3237 2577 3309 MCCXLIII.

217 3322 424 3394 Mense
465 3329 619 3394 Jan.
664 3328 1035 3396 Indictione
1079 3330 1392 3395 secunda.

367 3414 613 3482 Datum
659 3415 910 3501 Pragae
954 3437 1072 3502 per
1113 3438 1382 3483 manum
1427 3416 1649 3482 curiae
1706 3424 1967 3481 nostrae
2011 3415 2249 3480 notarii
2292 3413 2577 3480 Rembo·

215 3496 426 3570 thonis.
471 3503 690 3585 Anno,
738 3524 964 3568 mense
1007 3511 1072 3568 et
1114 3503 1473 3570 indictione
1519 3501 1959 3589 praescriptis.

924 3643 1038 3727 (B.
1081 3643 1560 3726 Privilegium
1604 3642 1905 3725 minue.)

260 3843 273 3859 ⁸
369 3758 514 3830 Hae
557 3770 712 3829 sunt
753 3761 1108 3851 libertates»,
1151 3761 1330 3850 leges
1374 3774 1439 3830 et
1471 3764 1648 3850 jura,
1695 3782 1866 3849 quae
1907 3762 1979 3826 in
2028 3761 2261 3847 majori
2308 3756 2577 3845 privile-
2674 3798 2679 3802 -

219 3861 312 3928 gio
350 3869 478 3916 non
523 3857 827 3936 poterant
885 3851 1224 3934 contineri,
1285 3871 1454 3938 quae
1496 3859 1719 3916 tamen
1778 3846 2204 3913 nihilominus
2265 3844 2577 3911 volumus

219 3951 324 4014 per
375 3939 592 4002 omnia
649 3946 792 4004 rata
835 3959 978 4004 esse
1024 3947 1089 4002 et
1131 3946 1206 4002 ut
1262 3939 1552 4025 praescri
1604 3945 1671 4001 ta
1727 3932 2148 4000 inviolabiter
2207 3932 2574 3997 observari.

379 4031 430 4090 1.
473 4023 797 4091 Volumus
863 4024 1063 4111 igitur
1129 4033 1193 4090 et
1233 4023 1554 4108 irrefraga
1604 4022 1778 4087 iliter
1828 4021 2207 4096 statuimuS,
2268 4040 2351 4084 ne
2397 4019 2573 4105 quis-

220 4121 394 4187 quam
415 4110 756 4196 baronum
801 4121 915 4178 aut
957 4111 1274 4177 nobilium
1319 4116 1534 4178 terrae
1577 4115 1961 4196 potestatem
2020 4105 2263 4172 habeat
2304 4106 2373 4171 in
2420 4106 2575 4171 civi-

217 4195 336 4256 tate
376 4195 720 4282 Brunensi‚
767 4195 872 4264 vel
916 4198 985 4263 in
1029 4199 1174 4286 ipsa
1217 4197 1596 4264 violentiam
1641 4202 1961 4276 exerceat,
2008 4190 2113 4260 vel
2156 4191 2441 4278 aliquem
2474 4199 2569 4259 te-

219 4289 358 4346 neat
397 4283 532 4350 sine
565 4285 891 4351 'lincentia
935 4294 998 4352 et
1042 4287 1284 4352 nuncio
1319 4284 1566 4372 judicis
1612 4283 1917 4348 civitatis.
1954 4295 1961 4300 ⁷
