3150 5017
499 364 637 413 1218.
681 365 773 412 IV.
1442 380 1531 394 —-
1617 343 1744 433 398
1830 381 1918 395 .-

1536 745 1708 827 Gap.
1754 741 1839 808 X.

1469 865 1568 929 De
1613 863 1927 949 confessi-3.

669 1040 994 1121 Quoniam
1026 1061 1177 1104 reus
1219 1041 1289 1103 in
1325 1038 1587 1123 judicie
1628 1039 1981 1124 requisitus
2026 1041 2266 1104 actoris
2290 1036 2641 1125 petitiones
2667 1055 2871 1122 quan-

499 1126 712 1213 doque
773 1135 971 1212 negat
1025 1148 1168 1190 esse
1228 1147 1443 1208 veras,
1505 1124 1899 1212 quandoque
1960 1129 2157 1191 etiam
2219 1127 2584 1204 confitetur,
2642 1143 2871 1187 conse·

500 1222 777 1299 quenter
821 1234 975 1297 ergo
1023 1212 1103 1278 de
1150 1212 1467 1279 confessis
1512 1216 1581 1276 in
1621 1211 1872 1293 judicio
1917 1214 2279 1279 videamus.

668 1301 721 1385 ἓ.
777 1303 827 1362 1.’
872 1300 961 1364 Et
1004 1301 1420 1365 manifestum
1469 1309 1585 1382 est,
1633 1297 2003 1373 confessum
2064 1302 2133 1365 in
2186 1301 2336 1386 jure
2396 1319 2514 1386 pro
2561 1298 2873 1363 convicto

493 1384 742 1469 haberi,
793 1387 990 1473 juxta
1051 1386 1344 1472 regulam
1405 1387 1888 1472 evangelicam:
1959 1387 2107 1471 „Ex
2165 1409 2277 1453 ore
2336 1396 2448 1453 tuo
2507 1394 2574 1451 te
2609 1385 2873 1470 judico,

494 1495 681 1539 serve
728 1479 1091 1560 nequam“;
1140 1475 1317 1539 unde
1363 1476 1505 1540 sine
1550 1473 1683 1538 alia
1743 1472 2037 1561 qualibet
2095 1475 2467 1559 cognitione
2513 1472 2872 1538 sententia·

497 1561 647 1626 liter
689 1562 1224 1648 condempnetur.
1315 1567 1376 1645 ξ.
1417 1562 1478 1625 2.
1569 1560 1780 1626 Multa
1821 1571 2043 1626 tamen
2088 1562 2511 1648 requiruntur
2555 1559 2640 1625 ad
2686 1559 2876 1639 haec,

497 1657 569 1712 ut
616 1649 938 1713 confessio
1002 1671 1119 1735 pro
1171 1650 1269 1713 ria
1332 1651 1637 1735 cuiquam
1699 1652 1766 1712 in
1828 1656 2081 1713 tantum
2141 1649 2571 1734 praejudicet,
2632 1654 2710 1710 ut
2803 1666 2875 1709 ro

495 1735 796 1800 convicto
820 1735 1106 1801 finaliter
1123 1672 1466 1818 liabeatur,
1511 1734 1688 1822 quod
1734 1735 2046 1821 deinceps
2069 1737 2135 1799 in
2163 1733 2617 1820 cognoscendo
2642 1732 2766 1796 nul
2797 1753 2873 1797 ae

495 1830 716 1907 partes
753 1821 1001 1907 judicis
1046 1823 1178 1887 sint
1222 1825 1290 1887 in
1338 1846 1508 1905 eum,
1569 1824 1696 1888 nisi
1744 1833 1816 1887 ut
1883 1822 2358 1889 sententialiter
2428 1821 2876 1906 condempne-

491 1916 618 1973 tur.
706 1908 926 1975 Primo
994 1911 1364 1997 requiritur,
1434 1909 1613 1998 quod
1672 1909 2013 1974 confessus
2052 1911 2309 1997 injure
2384 1909 2722 1994 legitimae
2793 1907 2878 1971 sit

491 1997 743 2079 aetatis,
789 1998 881 2062 ita
924 2000 1087 2064 utin
1124 1998 1375 2083 judicio
1409 2005 1582 2062 stare
1613 1998 1854 2082 possit3
1901 2020 2053 2062 nam
2080 1999 2148 2062 in
2192 1995 2295 2062 his
2341 1992 2875 2061 confessionibus

495 2085 865 2149 constitutis
911 2084 1084 2149 infra
1130 2093 1409 2150 aetatem
1456 2083 1816 2169 legitimam
1864 2084 2283 2165 subvenitur,
2353 2105 2505 2147 nam
2571 2082 2873 2167 ipsorum

493 2178 675 2235 aetas
718 2172 995 2256 ignorat,
1043 2173 1200 2258 quid
1244 2170 1467 2237 videat
1510 2174 1576 2235 in
1625 2171 1749 2236 hac
1795 2180 1995 2257 parte.
2044 2170 2368 2253 Secundo,
2429 2168 2604 2256 quod
2671 2167 2872 2233 confi—

493 2264 708 2321 teatur
752 2258 1089 2326 voluntate
1135 2268 1517 2345 spontanea,
1564 2280 1699 2324 non
1747 2269 2030 2342 coactus,
2120 2260 2230 2322 uia
2276 2278 2444 2345 quae
2488 2257 2556 2322 vi
2602 2263 2874 2321 metuve

496 2364 694 2408 causa
737 2344 924 2423 fiunt,
985 2355 1127 2411 rata
1185 2346 1412 2432 utique
1470 2367 1603 2410 non
1667 2344 1999 2411 habemus.
2075 2280 2330 2428 (lertio,
2392 2343 2569 2430 quod
2631 2344 2874 2421 sciens,

494 2453 627 2496 non
658 2454 775 2517 per
820 2453 1105 2497 errorem
1152 2431 1309 2498 facti
1345 2433 1769 2516 confiteatur3
1816 2432 1934 2497 illa
1957 2432 2280 2497 confessio
2329 2432 2455 2497 sibi
2501 2452 2636 2495 non
2684 2450 2872 2518 prae-

481 2517 757 2603 judicat,
803 2518 1155 2584 dummodo
1200 2527 1354 2586 ante
1400 2521 1791 2586 sententiam
1837 2520 2213 2606 probaverit
2257 2541 2328 2585 se
2373 2537 2667 2599 errasse3
2716 2517 2873 2605 quia

493 2602 657 2667 nihil
703 2612 837 2669 tam
883 2608 1281 2670 contrarium
1329 2614 1428 2671 est
1469 2608 1751 2689 veritati,
1844 2629 1994 2672 uam
2041 2628 2244 2688 error,
2290 2608 2404 2692 qui
2465 2606 2872 2690 imperitiam

495 2689 831 2775 detegerit,
877 2702 941 2757 et
974 2694 1086 2780 qui
1112 2703 1300 2769 errat,
1349 2695 1617 2760 minime
1683 2715 1804 2758 con
1857 2703 2048 2759 tetur.
2141 2696 2413 2775 Quarto,
2458 2693 2637 2779 quod
2669 2690 2870 2756 confi-

490 2786 705 2843 teatur
751 2788 981 2844 contra
1025 2802 1114 2861 se,
1177 2782 1485 2866 quoniam
1534 2790 1761 2845 contra
1806 2803 1876 2845 se
1921 2780 2090 2846 bene
2136 2782 2423 2846 creditur
2489 2779 2870 2860 confitenti;

496 2864 613 2929 sed
657 2887 775 2952 pro
822 2888 891 2930 se
961 2868 1284 2933 confessio
1332 2866 1516 2931 nulla
1560 2867 1756 2950 valet,
1818 2890 1893 2933 eo
1955 2866 2129 2955 quod
2190 2866 2411 2931 nullus
2471 2868 2540 2932 in
2600 2866 2874 2952 propria

498 2972 697 3016 causa
764 2955 1003 3038 poterit
1063 2976 1206 3020 esse
1267 2957 1471 3019 testis.
1562 2955 1828 3037 Quinto,
1890 2966 1963 3021 ut
2021 2954 2409 3020 confiteatur
2466 2955 2538 3018 in
2589 2952 2870 3041 judicio,

497 3040 807 3124 quoniam
854 3040 1175 3106 confessio
1200 3041 1730 3127 extrajudicium
1776 3064 1907 3107 non
1954 3050 2052 3108 est
2095 3049 2317 3107 tantae
2361 3040 2642 3117 virtutis,
2690 3038 2873 3126 quod

498 3125 837 3192 confessus
884 3128 1023 3193 sine
1059 3130 1230 3214 juris
1294 3129 1667 3213 cognitione
1731 3130 1949 3215 aliqua
2010 3127 2546 3214 condempnetur.
2639 3126 2870 3207 Sexto,

495 3221 570 3277 ut
612 3233 831 3278 coram
877 3236 996 3280 suo
1034 3216 1257 3301 judice
1304 3216 1711 3297 confiteatur,
1758 3239 1911 3281 nam
1942 3218 2110 3281 sicut
2154 3215 2482 3281 sententia
2525 3235 2725 3279 anon
2752 3234 2870 3278 suo

486 3298 716 3384 judice
759 3301 895 3365 lata
937 3323 1068 3365 non
1115 3310 1310 3383 tenet,
1358 3303 1449 3367 ita
1494 3325 1616 3367 nec
1633 3302 1956 3369 confessio
2005 3300 2499 3390 praejudicabit.
2549 3300 2868 3387 Septimo,

496 3384 671 3473 quod
717 3387 1106 3453 confiteatur
1135 3388 1513 3454 adversario
1547 3411 1665 3455 suo
1689 3400 2035 3477 praesente
2079 3390 2186 3456 vel
2234 3391 2378 3477 ejus
2422 3395 2868 3475 procuratore,

496 3471 790 3559 alioquin
847 3474 1183 3540 confessus
1244 3498 1376 3541 non
1438 3476 1717 3542 habetur
1785 3499 1902 3562 pro
1959 3478 2281 3544 convicto.
2372 3475 2660 3557 Octavo,
2741 3475 2867 3539 nisi

499 3560 882 3627 confiteatur
927 3562 1009 3627 de
1055 3584 1124 3627 re
1172 3572 1350 3628 certa
1409 3564 1516 3628 vel
1564 3565 1927 3651 quantitate
1991 3573 2187 3647 certa,
2231 3585 2365 3628 non
2411 3562 2661 3629 valebit
2706 3583 2862 3626 con·

497 3648 713 3730 fessi0,
760 3671 914 3712 nam
962 3648 1043 3715 de
1089 3649 1316 3715 ordine
1363 3650 1648 3736 regulari
1695 3674 1892 3737 super
1936 3672 2006 3717 re
2052 3651 2155 3716 vel
2203 3655 2567 3737 quantitate
2610 3651 2866 3715 incerta

497 3757 632 3799 non
677 3743 777 3800 est
820 3734 1091 3801 ferenda
1151 3739 1490 3803 sententia.
1583 3738 1793 3814 Nono,
1843 3748 1915 3803 ut
1959 3737 2346 3811 confiteatur
2392 3736 2474 3804 de
2520 3759 2601 3804 ea
2641 3758 2735 3818 re,
2784 3734 2863 3799 de

498 3843 628 3907 qua
673 3824 967 3908 quaestio
1014 3826 1292 3889 vertitur
1335 3827 1502 3889 inter
1549 3833 1785 3910 partes,
1832 3824 2122 3912 alioquin
2154 3823 2407 3889 inutilis
2453 3832 2575 3891 erit
2613 3823 2864 3889 confes·

502 3911 630 3991 sio,
678 3930 828 3974 nam
875 3910 956 3975 de
1002 3933 1079 3976 ea
1123 3933 1211 3987 re,
1258 3911 1339 3975 de
1373 3911 1731 3997 quajudex
1755 3915 2077 3997 cognovit,
2125 3914 2550 3999 pronuntiare
2586 3918 2860 3977 tenetur.

502 4003 560 4075 ᾗ
610 3999 666 4063 3.
711 3995 954 4062 Multos
1000 4009 1215 4064 autem
1263 3998 1427 4063 alios
1474 4020 1666 4064 casus
1712 3999 2134 4082 obmittimus,
2181 4002 2338 4087 quia
2366 4001 2621 4066 nullum
2644 3998 2861 4064 locum

502 4083 622 4147 aihi
658 4086 809 4167 jure
854 4084 1211 4149 vendicant
1270 4094 1749 4168 montanorum,
1813 4110 1888 4153 eo
1949 4086 2122 4173 quod
2191 4088 2495 4153 advocati
2540 4089 2858 4153 montium

502 4171 678 4235 'rinna
719 4169 1135 4255 simplicitate
1182 4172 1511 4259 quandam
1559 4174 1877 4240 cautelam
1925 4174 2264 4240 evidenter
2307 4181 2666 4263 apponunt,
2726 4183 2854 4239 tam

502 4275 692 4319 casus
728 4255 870 4338 jam
917 4258 1175 4341 positos,
1244 4281 1439 4344 quam
1499 4260 1739 4326 multos
1802 4261 1965 4327 alios
2031 4272 2386 4329 tractantes
2432 4262 2514 4327 de
2558 4261 2684 4326 hac
2728 4283 2854 4325 ma-

499 4343 662 4403 teria
703 4340 1007 4425 enodare,
1057 4367 1249 4430 quam
1296 4346 1598 4425 advocati
1637 4349 1809 4436 juris
1855 4350 2154 4415 canonici
2179 4360 2244 4417 et
2267 4348 2480 4416 civilis
2527 4356 2851 4434 contemp·
