3150 5017
1243 318 1720 383 ...441-

1414 698 1558 765 105.

288 884 594 971 Foedus
622 886 837 973 inter
863 886 1411 973 wenceslaum
1434 886 1535 971 Π.
1566 893 1650 973 et
1676 912 1944 997 regem
1977 889 2366 980 Franciae
2396 895 2680 978 contra

825 991 1244 1077 Albertum
1296 1015 1566 1100 regem
1619 993 2158 1081 Romanorum.

1396 1187 1585 1253 1303.

298 1358 349 1409 Ε
382 1358 566 1412 codice
600 1359 989 1411 Formularum
1040 1361 1179 1427 regis
1214 1360 1423 1412 Alberti
1456 1362 1501 1411 I.
1538 1389 1604 1399 —
1643 1360 1884 1429 Palacky
1920 1362 2336 1416 Formelbiicher
2369 1364 2414 1418 1.
2449 1379 2504 1417 n.
2543 1364 2684 1431 118.)

472 1514 609 1580 Nos
656 1514 1092 1583 Wenceslaus
1134 1515 1263 1580 Dei
1306 1516 1524 1601 gratia
1567 1537 1688 1583 rex
1733 1515 2104 1584 Bohemiae
2149 1526 2216 1584 et
2257 1518 2595 1585 Poloniae.

459 1601 706 1667 Notum
752 1622 897 1669 esse
920 1602 1228 1669 volumus
1251 1604 1582 1669 universis
1605 1614 1990 1691 praesentes
2032 1607 2452 1693 inspecturis,
2497 1605 2678 1693 quod

287 1708 412 1756 nos
478 1709 631 1755 cum
689 1687 933 1755 illustri
1000 1697 1067 1755 et
1132 1690 1484 1775 magnifico
1554 1692 1819 1756 domino
1895 1690 2204 1781 Philippo
2263 1692 2676 1759 Francorum

286 1793 463 1864 rege,
505 1778 579 1842 in
604 1777 975 1843 sinceritate
1022 1775 1395 1843 dilecfionis
1454 1785 1521 1843 et
1564 1779 1894 1845 amicitiae
1939 1780 2246 1867 specialis
2291 1782 2518 1847 vivere
2561 1801 2676 1846 cu-

287 1864 568 1953 pientes,
611 1863 699 1929 ad
740 1863 895 1930 talis
941 1885 1091 1931 cum
1138 1885 1215 1931 eo
1262 1865 1649 1931 devenimus
1693 1865 1981 1933 foederis
2026 1869 2371 1934 unionem:

461 1950 515 2018 1.
578 1950 775 2032 Quod
832 1960 1062 2019 contra
1105 1950 1467 2038 quemlibet
1541 1953 1873 2019 hominem
1941 1956 2418 2042 quuscumque
2477 1954 2716 2021 fuerit·

290 2036 708 2121 conditionis,
770 2037 1109 2124 dignitatis
1170 2047 1237 2104 et
1298 2046 1525 2116 status,
1588 2047 1654 2107 et
1715 2040 2094 2128 specialiter
2160 2063 2240 2109 ac
2283 2042 2676 2108 nominatim

288 2134 520 2194 contra
562 2123 933 2208 Albertum‚
1039 2126 1107 2191 ui
1161 2147 1284 2228 pro
1344 2148 1496 2212 rege
1556 2127 2007 2194 Romanorum
2066 2150 2138 2195 se
2197 2130 2386 2215 gerit,
2433 2138 2504 2195 ut
2550 2149 2675 2194 nos

290 2222 358 2281 et
400 2212 779 2301 praedictus
822 2234 943 2279 rex
1054 2222 1283 2279 rmlter
1343 2212 1427 2279 ab
1488 2214 1992 2281 imminentibus
2037 2214 2332 2283 utrilibet
2377 2224 2677 2283 nostrum

288 2297 373 2365 ab
434 2320 511 2365 eo
570 2298 883 2387 periculis
941 2321 1066 2366 nos
1127 2298 1481 2367 salubriter
1540 2322 2063 2389 praeservemus,
2123 2304 2545 2391 promisimus
2612 2310 2680 2369 et

290 2388 733 2475 promittimus
778 2409 928 2453 cum
974 2389 1152 2454 omni
1197 2396 1426 2455 nostra
1468 2390 1767 2476 potentia
1809 2412 1928 2477 per
1970 2398 2177 2457 totum
2206 2390 2365 2457 dicti
2412 2389 2673 2457 Alberti

293 2475 471 2543 vitae
515 2481 773 2561 tempus
818 2496 943 2541 nos
984 2474 1266 2543 fideliter
1310 2476 1648 2557 adsunam

463 2560 551 2627 H.
596 2563 700 2628 Ita
744 2561 922 2649 quod
965 2583 1052 2629 ex
1093 2584 1274 2629 nunc
1318 2563 1539 2629 statim
1586 2573 1859 2652 uterque
1918 2573 2235 2649 nostrum,
2281 2586 2415 2631 non
2462 2586 2659 2652 quae-

286 2650 415 2718 sita
472 2648 581 2716 vel
640 2657 1025 2737 exspectata
1089 2650 1221 2716 alia
1286 2652 1648 2718 monitione
1715 2650 1826 2718 vel
1883 2654 2312 2741 requisitione
2370 2650 2667 2728 alterius,

282 2737 307 2801 i
358 2738 496 2803 sius
559 2758 630 2803 se
690 2736 1109 2804 manifestum
1190 2739 1533 2811 inimicum
1596 2739 1902 2806 ostendat
1961 2748 2026 2806 et
2084 2739 2437 2807 actualiter
2499 2761 2671 2823 eum,

318 2831 581 2891 autores
640 2824 701 2889 el
760 2824 1099 2911 adiutores
1158 2825 1303 2908 ejus
1364 2846 1483 2911 pro
1542 2826 1801 2892 cunctis
1861 2827 1997 2893 suis
2057 2826 2311 2893 viribus
2355 2826 2678 2914 impediat

292 2921 359 2978 et
400 2912 764 2999 impugnet,
826 2932 951 2978 nec
1010 2911 1327 2978 alteruter
1386 2920 1684 2982 nostrum
1754 2912 1840 2977 ab
1898 2914 2195 3001 ipsorum
2241 2915 2678 3001 impugnatio-

290 2996 489 3065 nibus
533 2998 806 3066 desistat
867 3000 1009 3064 sine
1069 2997 1341 3065 alterius
1402 2997 1822 3083 beneplacito
1885 3008 1950 3065 et
1996 3021 2326 3067 consensu
2369 3022 2490 3087 per
2532 3002 2681 3087 ejus

286 3085 535 3169 literas,
581 3086 773 3173 cujus
815 3085 990 3152 inter
1018 3106 1139 3151 nos
1163 3107 1525 3153 consensus
1570 3083 1919 3152 habendus
1966 3095 2031 3153 et
2072 3088 2414 3175 quaesitus
2464 3087 2679 3171 fuerit,

292 3179 676 3261 apparente.

464 3258 589 3327 IH.
630 3260 723 3325 Et
742 3265 1071 3325 utcontra
1092 3259 1507 3347 praedictum
1552 3258 1906 3326 Albertum
1952 3269 2088 3325 tam
2133 3260 2514 3348 praedictus
2559 3282 2680 3327 rex

291 3346 619 3414 Franciae
671 3368 870 3434 quam
931 3366 1053 3412 nos
1160 3348 1443 3413 ossimus
1504 3368 1582 3412 eo
1642 3346 2005 3414 ferventius
2069 3355 2134 3413 et
2177 3348 2513 3434 potentius
2559 3368 2681 3413 nos

288 3432 537 3518 fovere,
578 3433 1025 3521 promittimus
1070 3456 1113 3499 u
1141 3444 1247 3499 tra
1286 3432 1439 3499 illos
1490 3455 1721 3500 omnes
1765 3434 2065 3501 homines
2112 3456 2276 3522 quos
2321 3436 2390 3500 in
2435 3436 2682 3501 nostris

289 3522 514 3607 regnis
574 3528 642 3587 et
700 3520 1008 3586 dominiis
1082 3518 1562 3603 obtinebimus,
1637 3520 2104 3607 stipendiarios
2165 3520 2247 3587 de
2314 3522 2682 3588 Teutoniae

291 3607 593 3696 partibus
637 3628 757 3695 pro
802 3614 1069 3675 centum
1116 3606 1409 3673 millibus
1459 3630 1830 3675 marcarum
1877 3609 2135 3694 argenti
2180 3609 2496 3694 ponderis
2525 3608 2680 3676 Pra-

335 3696 533 3778 ensis‚
578 3694 855 3761 inclusis
898 3695 969 3761 in
1026 3692 1208 3761 illam
1270 3716 1594 3761 summam
1657 3694 1794 3761 illis
1839 3694 2288 3784 stipendiariis
2335 3716 2499 3785 quos
2535 3697 2678 3782 jam

340 3802 379 3847 e
424 3781 617 3848 dictis
661 3780 1027 3853 Teutoniae
1120 3780 1371 3848 artibus
1432 3784 1884 3860 convenimuS‚
1946 3782 2301 3850 convenire
2348 3790 2416 3848 et
2459 3784 2680 3870 acqui·

292 3888 437 3935 rere
496 3867 672 3934 infra
728 3867 887 3934 hinc
944 3877 1011 3936 et
1093 3876 1305 3935 estum
1367 3867 1545 3935 beati
1605 3870 1648 3935 J
1653 3870 1844 3936 acobi
1891 3868 2192 3957 apostoli.
2281 3869 2436 3956 Ipse
2480 3871 2680 3936 etiam

291 3975 413 4021 rex
470 3954 792 4021 Franciae
851 3953 1028 4021 ultra
1086 3954 1239 4021 illos
1299 3954 1621 4039 homines,
1669 3958 1781 4044 qui
1827 3978 1944 4023 suo
1993 3956 2284 4022 dominio
2331 3965 2486 4022 sunt
2531 3954 2676 4022 sub-

283 4041 467 4128 jecti,
512 4041 977 4130 stipendiarios
1022 4041 1105 4109 de
1148 4040 1509 4125 Alimania,
1571 4044 1684 4130 qui
1728 4044 1940 4127 ipsius
1989 4042 2262 4110 dominii
2309 4042 2682 4110 confinibus

292 4138 450 4195 sunt
514 4129 739 4212 vicini,
850 4150 923 4195 ro
986 4138 1251 4196 centum
1330 4130 1529 4196 etiam
1607 4129 1900 4197 millibus
1967 4151 2340 4196 marcarum
2423 4130 2681 4217 argenti

289 4214 591 4303 ejusdem
637 4236 770 4303 pon
820 4216 951 4287 eris
996 4237 1207 4304 usque
1252 4216 1338 4282 ad
1382 4216 1796 4319 praedictum
1845 4218 2082 4283 festum
2133 4217 2490 4283 convenire
2533 4238 2681 4304 pro·

290 4302 492 4385 misit,
535 4311 613 4369 ut
648 4311 787 4368 tam
847 4322 968 4369 nos
1028 4324 1175 4369 cum
1238 4311 1481 4370 nostris
1542 4325 1741 4391 quam
1805 4306 1948 4392 ipse
1993 4325 2114 4370 rex
2158 4304 2485 4458 {ganciae
2531 4325 2681 4369 cum

389 4404 659 4451 Jirecekz
689 4406 837 4450 codex
870 4408 907 4448 Ι.
