3150 5017
532 318 647 379 »τε
679 320 788 379 ..ut-
1487 336 1573 349 -
1662 300 1793 375 842
1881 337 1963 351 --

529 479 700 541 tunc
739 470 966 542 nullus
1007 472 1080 545 in
1123 472 1306 540 omni
1343 469 1512 550 leco,
1557 492 1751 559 quem
1796 493 1918 539 mio
1941 472 2466 557 pertransierunt-
2484 472 2920 561 aquaeductu,

484 572 490 577 ’
531 578 712 627 nunc
755 558 842 625 de
861 579 1037 627 novo
1087 556 1306 625 colere
1351 556 1568 643 debet,
1612 558 1777 645 ipsis
1820 558 2087 629 invitis.-
2120 556 2457 639 Quamdiu
2498 578 2655 629 vero
2698 560 2922 628 taliter

536 642 804 713 desierit
844 645 1206 728 exsiccare,
1255 644 1536 712 liberum
1582 647 1669 712 sit
1713 645 2092 733 unicuique,
2136 655 2287 730 post
2328 666 2445 713 eos
2466 654 2713 727 tamen,
2737 656 2926 733 extra

529 739 844 885 puartum
887 731 1180 803 medium
1226 730 1512 815 laneum,
1557 732 1675 807 ubi
1718 730 2050 801 maluerit·
2071 734 2388 817 laborare.
2476 734 2535 818 ξς.
2578 735 2639 801 4.
2687 732 2825 801 Sed
2870 734 2923 800 si

559 827 797 890 ortuna
839 817 1110 886 favente
1131 819 1199 887 in
1226 818 1508 887 stollone
1555 828 1843 889 meatum
1886 816 2260 887 invenerint
2284 839 2595 887 mensum
2617 820 2918 906 dignum,

533 904 824 992 impletis
847 903 1156 971 omnibus
1199 905 1324 982 his,
1370 925 1541 991 quae,
1586 906 1767 973 eirca
1804 906 2189 973 inventores
2234 924 2555 975 novorum
2600 910 2925 973 montium

536 994 980 1078 requiruntur,
1042 990 1298 1059 scilicet
1342 1002 1414 1059 ut
1459 1001 1749 1059 meatum
1808 994 1935 1059 rite
1991 995 2419 1081 susceperint,
2482 994 2707 1062 dando
2770 1002 2927 1061 con-

533 1079 779 1149 cessori
821 1099 1021 1148 unam
1065 1080 1466 1146 tricesimam
1512 1077 1873 1150 secundam
1920 1089 2195 1165 partem,
2240 1088 2717 1168 argentumque
2762 1102 2927 1163 eon-3

535 1164 862 1241 flaverint,
919 1164 1286 1235 urbam-iis
1342 1166 1849 1252 praesentando,
1907 1165 2213 1253 quodque
2266 1166 2473 1253 jurati
2516 1168 2604 1233 ad
2662 1170 2925 1255 petitio·

533 1273 688 1319 nem
731 1253 1028 1339 ipsorum
1071 1251 1154 1317 de
1197 1251 1511 1319 mandato
1554 1251 2049 1323 urburariorum
2092 1260 2379 1322 meatum
2440 1257 2793 1338 secuerint,
2860 1264 2929 1321 et

533 1334 872 1410 metallum
917 1340 988 1404 in
1029 1360 1200 1425 gaza
1241 1338 1329 1405 ad
1373 1340 1593 1405 minus
1638 1362 1843 1407 unum
1888 1339 2212 1409 fertonem
2276 1340 2432 1408 boni
2492 1343 2755 1427 argenti
2802 1340 2921 1409 de-

437 1457 442 1465 -
535 1426 709 1495 derit
763 1424 1138 1494 fulminati:
1198 1434 1360 1496 tunc
1407 1429 1562 1513 jure
1620 1427 1952 1493 communi
2019 1448 2207 1493 mons
2266 1428 2365 1495 eis
2406 1449 2560 1493 cum.
2604 1427 2925 1495 omnibus

530 1510 1020 1579 conditionibus
1051 1521 1463 1581 mensuretur
1495 1533 1513 1594 ;
1556 1521 1625 1578 et
1668 1515 1725 1579 si
1768 1534 1901 1600 qua
1942 1512 2189 1581 ibidem
2236 1514 2435 1581 fuerit
2476 1514 2929 1601 superfluitas,

533 1607 764 1667 nostra
806 1599 964 1684 erit3
1013 1620 1338 1687 omneque
1375 1600 1490 1687 jus
1545 1601 1619 1665 in
1664 1622 1743 1667 eo
1787 1609 2009 1667 monte
2055 1599 2247 1671 nobis
2291 1604 2607 1687 competit
2648 1602 2723 1667 in
2771 1624 2927 1689 par-

531 1683 712 1754 tibus
755 1686 950 1753 nobis
995 1684 1256 1768 debitis,
1299 1708 1452 1753 eum
1497 1708 1635 1752 una
1676 1686 2077 1756 echichta
2120 1708 2337 1757 nonae
2428 1688 2586 1755 artis
2631 1687 2924 1772 fabrilis,

533 1773 704 1839 sicut
743 1772 818 1838 in
859 1772 1008 1839 aliis
1052 1775 1247 1841 novis.
1287 1772 1645 1856 montibus,
1687 1774 1834 1841 sine
1878 1774 2159 1842 stelione
2199 1776 2589 1861 simpiciter
2644 1797 2925 1843 mensu-

533 1859 719 1943 ratis.
803 1860 866 1943 §.
910 1858 974 1925 5.
1017 1859 1186 1929 Item
1231 1861 1288 1925 si
1333 1880 1420 1927 ex
1459 1869 1839 1929 transverso
1874 1870 2170 1932 meatum
2214 1882 2369 1928 cum
2414 1860 2697 1929 stelione
2720 1863 2919 1931 inve·

534 1946 772 2027 neu-int,
835 1954 1114 2032 possunt
1169 1947 1300 2014 sibi
1361 1956 1585 2015 monte
1644 1957 2021 2017 mensurate
2080 1948 2447 2035 procedere
2498 1947 2809 2015 ulterius·
2830 1971 2921 2017 ex

533 2040 930 2110 transverso,
987 2034 1358 2121 iterumque
1424 2056 1637 2101 novos
1696 2043 1951 2105 meatus
2016 2056 2359 2121 quaerere,
2422 2036 2754 2123 totiesque
2820 2038 2920 2103 eis

533 2140 726 2199 mens
747 2120 850 2190 de
892 2140 1068 2187 novo
1113 2119 1621 2203 mensurabitur,
1666 2122 1971 2207 quotiens
2016 2142 2263 2191 novum
2306 2131 2594 2191 meatum
2638 2126 2923 2190 invene·-

531 2208 670 2277 rint
711 2226 1026 2279 mensura
1069 2206 1365 2293 dignum.
1453 2210 1514 2290 ς.
1559 2209 1623 2274 6.
1682 2207 1793 2275 Ad
1850 2227 2309 2296 quemcunque
2368 2216 2587 2277 autem
2648 2208 2928 2277 laneum

532 2294 958 2381 pervenerint
1019 2315 1171 2362 cum
1238 2316 1358 2362 suo
1429 2294 1733 2377 stollone,
1808 2294 2093 2362 eundem
2160 2297 2451 2383 poterint
2560 2299 2927 2363 ertransire

531 2400 683 2455 cum
732 2379 1040 2451 omnibus
1085 2380 1595 2463 conditionibus,
1661 2402 1833 2469 quae
1906 2384 1982 2451 in
2022 2382 2149 2449 hae
2191 2391 2377 2469 parte
2422 2390 2483 2449 st
2576 2384 2688 2451 oni
2734 2382 2928 2450 here-

533 2466 772 2536 ditario
827 2473 984 2535 sant
1027 2488 1412 2541 concessae,
1487 2472 1550 2551 ἓ.
1597 2468 1657 2535 7.
1720 2468 2003 2538 Possunt
2054 2470 2259 2539 ,etiam
2315 2468 2689 2537 stellonarii
2744 2470 2925 2537 infra

533 2562 742 2619 metas
777 2552 889 2619 ‘sui
936 2553 1238 2619 stollonis
1283 2555 1486 2620 alium
1533 2553 1885 2622 stollonem
1931 2555 2296 2622 concedere
2340 2578 2459 2643 pro
2477 2565 2925 2643 quarteparte

534 2638 699 2705 lucri
763 2640 845 2706 de
905 2662 1027 2706 sua
1087 2642 1488 2727 proprietate
1547 2642 1631 2724 ei,
1679 2650 1876 2728 prout
1916 2640 2267 2726 voluerint,
2313 2643 2738 2729 assignando.
2830 2644 2927 2711 Et

533 2724 660 2791 hoc
718 2724 987 2813 quidam
1057 2726 1288 2793 dicunt
1323 2729 1600 2794 -tertium
1642 2748 1855 2815 genus
1900 2728 2255 2796 stollonum
2300 2750 2465 2796 esse.
2554 2732 2611 2816 §-
2658 2730 2719 2796 8.
2766 2729 2919 2796 Sta·

533 2813 778 2879 tuimus
822 2814 1040 2895 etiam,
1084 2823 1159 2880 ut
1202 2815 1257 2879 si
1303 2814 1668 2891 stollonarii
1708 2814 2091 2889 hereditarii
2150 2818 2421 2883 invento
2468 2815 2736 2883 metallo
2792 2839 2921 2903 per

530 2920 732 2965 unam
777 2921 1149 2986 mensuram
1211 2922 1361 2965 cum
1408 2900 1691 2968 stollone
1749 2901 2213 2988 processerint,
2268 2903 2652 2991 concedant,
2715 2904 2919 2990 quid·

531 2987 689 3073 quid
735 2994 884 3072 post
925 2986 1106 3053 iilam
1168 2990 1543 3053 mensuram
1603 2990 2000 3055 invenerint·
2038 2988 2557 3073 concedendum,
2619 2989 2728 3056 vel
2785 2991 2810 3055 i
2866 2991 2924 3056 si

531 3095 688 3141 suas
723 3073 909 3141 .acies
949 3072 1198 3147 ibidem
1243 3073 1621 3141 informent.
1708 3079 1769 3159 §.
1814 3078 1875 3143 9.
1933 3074 2254 3163 Alioquin
2312 3077 2526 3144 nostri
2565 3098 2693 3163 gen
2738 3112 2750 3149 χ
2845 3098 2919 3143 es

529 3180 953 3231 concessores
993 3159 1362 3229 concedant
1384 3163 1627 3244 omnia,
1674 3182 1847 3250 quae
1890 3171 2043 3251 post
2082 3163 2265 3229 illam
2312 3183 2691 3253 mensuram
2730 3164 2925 3231 inve·

525 3248 749 3316 norint
807 3246 1266 3330 concedenda3
1327 3269 1465 3313 non
1506 3248 1817 3315 obstante
1880 3249 2017 3315 anti
2070 3267 2152 3314 uo
2212 3272 2515 3319 sermone
2562 3259 2919 3317 montano-

527 3354 693 3410 rum,
737 3333 1123 3416 dicentium,
1169 3356 1282 3418 „se
1329 3342 1586 3403 tan-tum
1632 3334 1911 3420 diligere
1951 3335 2045 3404 ha.
2088 3358 2198 3403 ere
2242 3340 2591 3423 pecuniam
2632 3338 2702 3403 in
2734 3348 2925 3403 terra

529 3417 1004 3501 absconditam,
1041 3442 1130 3497 „ac
1175 3420 1233 3485 si
1271 3422 1296 3485 i
1345 3442 1486 3487 sam
1547 3423 1619 3487 in
1682 3424 1848 3487 cista
1890 3423 2296 3495 reconditam
2334 3426 2479 3510 jam
2521 3422 2915 3507 haberent&

525 3528 660 3575 non
705 3506 1122 3576 attendentes
1155 3512 1252 3581 ,in
1357 3510 1412 3576 is
1473 3508 1823 3577 utilitatem
1892 3508 2227 3595 publicam
2287 3512 2585 3597 privatae
2644 3508 2909 3597 regula-

527 3594 688 3659 riter
812 3592 1296 3677 raeferendam3
1383 3616 1536 3661 nam
1618 3616 1849 3662 omnes
1929 3596 2230 3663 homines
2310 3598 2401 3662 ad
2481 3608 2915 3682 augmentum

527 3615 930 3766 reipubfleae
991 3690 1146 3749 sunt
1203 3682 1510 3755 asstricti.
1598 3682 1761 3770 Ipsa
1820 3682 1996 3749 enim
2040 3684 2425 3769 proficiente
2468 3680 2615 3769 ejus
2658 3683 2917 3749 subditi

471 3796 475 3803 ·
575 3766 889 3832 reficiunt
933 3768 1264 3849 universi,⁸
1289 3777 1356 3833 et
1397 3789 1436 3833 e
1462 3788 1781 3837 converso
1826 3770 1973 3856 ipsa
2018 3771 2365 3841 deficiente
2408 3770 2723 3837 desinunt
2765 3792 2916 3858 pro-

569 3874 722 3923 cere
766 3852 1065 3939 subjecti,
1111 3856 1269 3941 quia
1313 3853 1647 3923 destructo
1678 3854 2029 3942 principali
2048 3858 2419 3925 accessoria
2442 3857 2912 3939 destruuntur-3

529 3948 725 4027 prout
767 3940 1334 4010 evidentissimum
1378 3943 1687 4029 apparuit
1729 3956 2191 4029 argumentum
2250 3946 2321 4009 in
2349 4006 2355 4011 ,
2382 3944 2649 4011 divinae
2692 3966 2917 4011 recor-

529 4026 822 4105 dationis„
883 4026 1236 4114 magnifico
1302 4050 1485 4115 rege,
1529 4030 1815 4099 'domiuo
1861 4028 2177 4099 ottocaro
2241 4028 2527 4115 glorioso
2593 4030 2919 4120 principe,

527 4124 716 4202 patre
783 4122 1031 4195 nostro,
1099 4116 1290 4201 cujus
1357 4118 1496 4184 vita
1563 4118 1821 4199 cunctis
1886 4118 2143 4186 actibus
2188 4116 2429 4183 claruit
2470 4118 2807 4195 virtuosis,
2844 4120 2917 4182 in

527 4210 804 4283 tantum,
849 4200 1026 4351 quod
1071 4202 1272 4268 etiam
1318 4204 1454 4269 suis
1499 4200 1908 4290 temporibus
1954 4204 2079 4269 sibi
2123 4205 2194 4269 in
2242 4205 2561 4271 virtutum
2582 4206 2909 4291 operatio-

524 4288 720 4367 nibus
741 4286 856 4353 nul
889 4308 965 4353 us
991 4288 1219 4363 mundi
1265 4290 1636 4376 principum
1684 4290 1925 4376 poterit
1971 4292 2365 4379 coaequari3
2424 4312 2579 4357 nam
2626 4292 2799 4357 sieut
2838 4293 2909 4356 in
