<?xml version="1.0" encoding="UTF-8"?>
<!DOCTYPE html PUBLIC "-//W3C//DTD XHTML 1.0 Transitional//EN"
    "http://www.w3.org/TR/xhtml1/DTD/xhtml1-transitional.dtd">
<html xmlns="http://www.w3.org/1999/xhtml" xml:lang="en" lang="en">
 <head>
  <title>
</title>
<meta http-equiv="Content-Type" content="text/html;charset=utf-8" />
  <meta name='ocr-system' content='tesseract 3.04.00' />
  <meta name='ocr-capabilities' content='ocr_page ocr_carea ocr_par ocr_line ocrx_word'/>
</head>
<body>
  <div class='ocr_page' id='page_1' title='image "./codexjurisbohem01unkngoog_0185.png"; bbox 0 0 3150 5017; ppageno 0'>
   <div class='ocr_carea' id='block_1_1' title="bbox 1151 263 1626 345">
    <p class='ocr_par' dir='ltr' id='par_1_1' title="bbox 1151 263 1626 345">
     <span class='ocr_line' id='line_1_1' title="bbox 1151 263 1626 345; baseline -0.002 -16"><span class='ocrx_word' id='word_1_1' title='bbox 1151 263 1626 345; x_wconf 59' lang='lat'><strong>-175-7</strong></span> 
     </span>
    </p>
   </div>
   <div class='ocr_carea' id='block_1_2' title="bbox 222 432 2593 3185">
    <p class='ocr_par' dir='ltr' id='par_1_2' title="bbox 222 432 2592 1188">
     <span class='ocr_line' id='line_1_2' title="bbox 227 432 2584 521; baseline 0 -20"><span class='ocrx_word' id='word_1_2' title='bbox 227 437 397 517; x_wconf 87' lang='lat' dir='ltr'><strong>tinet,</strong></span> <span class='ocrx_word' id='word_1_3' title='bbox 438 434 769 519; x_wconf 75' lang='lat' dir='ltr'><strong>Keuwzeg</strong></span> <span class='ocrx_word' id='word_1_4' title='bbox 810 433 1139 516; x_wconf 82' lang='lat' dir='ltr'><strong>videlieet,</strong></span> <span class='ocrx_word' id='word_1_5' title='bbox 1184 432 1265 499; x_wconf 89' lang='lat' dir='ltr'><strong>de</strong></span> <span class='ocrx_word' id='word_1_6' title='bbox 1328 434 1553 499; x_wconf 82' lang='lat' dir='ltr'><strong>Monte</strong></span> <span class='ocrx_word' id='word_1_7' title='bbox 1615 434 1684 499; x_wconf 84' lang='lat' dir='ltr'><strong>S.</strong></span> <span class='ocrx_word' id='word_1_8' title='bbox 1747 434 1904 509; x_wconf 87' lang='lat' dir='ltr'><strong>Viti,</strong></span> <span class='ocrx_word' id='word_1_9' title='bbox 1966 434 2317 521; x_wconf 82' lang='lat' dir='ltr'><strong>Zloymuk,</strong></span> <span class='ocrx_word' id='word_1_10' title='bbox 2377 436 2584 501; x_wconf 84' lang='lat' dir='ltr'><strong>Pern-</strong></span> 
     </span>
     <span class='ocr_line' id='line_1_3' title="bbox 228 520 2581 607; baseline -0 -20"><span class='ocrx_word' id='word_1_11' title='bbox 228 532 463 607; x_wconf 83' lang='lat' dir='ltr'><strong>staeyn,</strong></span> <span class='ocrx_word' id='word_1_12' title='bbox 506 520 588 585; x_wconf 89' lang='lat' dir='ltr'><strong>de</strong></span> <span class='ocrx_word' id='word_1_13' title='bbox 628 520 872 585; x_wconf 88' lang='lat' dir='ltr'><strong>Kertus</strong></span> <span class='ocrx_word' id='word_1_14' title='bbox 943 542 1023 584; x_wconf 89' lang='lat' dir='ltr'><strong>ae</strong></span> <span class='ocrx_word' id='word_1_15' title='bbox 1065 528 1351 585; x_wconf 75' lang='lat' dir='ltr'><strong>castrum</strong></span> <span class='ocrx_word' id='word_1_16' title='bbox 1383 520 1676 584; x_wconf 86' lang='lat' dir='ltr'><strong>Farcasii</strong></span> <span class='ocrx_word' id='word_1_17' title='bbox 1721 520 1802 585; x_wconf 91' lang='lat' dir='ltr'><strong>de</strong></span> <span class='ocrx_word' id='word_1_18' title='bbox 1847 520 2152 605; x_wconf 79' lang='lat' dir='ltr'><strong>Zaguria,</strong></span> <span class='ocrx_word' id='word_1_19' title='bbox 2201 542 2368 607; x_wconf 87' lang='lat' dir='ltr'><strong>quae</strong></span> <span class='ocrx_word' id='word_1_20' title='bbox 2401 521 2581 586; x_wconf 87' lang='lat' dir='ltr'><strong>Hen-</strong></span> 
     </span>
     <span class='ocr_line' id='line_1_4' title="bbox 226 604 2583 693; baseline -0 -21"><span class='ocrx_word' id='word_1_21' title='bbox 226 610 405 687; x_wconf 83' lang='lat' dir='ltr'><strong>ricus,</strong></span> <span class='ocrx_word' id='word_1_22' title='bbox 450 615 515 672; x_wconf 87' lang='lat' dir='ltr'><strong>et</strong></span> <span class='ocrx_word' id='word_1_23' title='bbox 558 604 687 671; x_wconf 83' lang='lat' dir='ltr'><strong>duo</strong></span> <span class='ocrx_word' id='word_1_24' title='bbox 731 616 949 671; x_wconf 84' lang='lat' dir='ltr'><strong>eastra</strong></span> <span class='ocrx_word' id='word_1_25' title='bbox 994 606 1212 691; x_wconf 75' lang='lat' dir='ltr'><strong>Sti-ige</strong></span> <span class='ocrx_word' id='word_1_26' title='bbox 1257 615 1513 685; x_wconf 83' lang='lat' dir='ltr'><strong>vocata,</strong></span> <span class='ocrx_word' id='word_1_27' title='bbox 1560 627 1730 692; x_wconf 89' lang='lat' dir='ltr'><strong>quae</strong></span> <span class='ocrx_word' id='word_1_28' title='bbox 1775 606 2115 672; x_wconf 85' lang='lat' dir='ltr'><strong>Johannes</strong></span> <span class='ocrx_word' id='word_1_29' title='bbox 2175 606 2352 671; x_wconf 86' lang='lat' dir='ltr'><strong>filius</strong></span> <span class='ocrx_word' id='word_1_30' title='bbox 2407 610 2583 693; x_wconf 84' lang='lat' dir='ltr'><strong>ejus-</strong></span> 
     </span>
     <span class='ocr_line' id='line_1_5' title="bbox 225 691 2588 778; baseline -0.001 -19"><span class='ocrx_word' id='word_1_31' title='bbox 225 694 357 759; x_wconf 86' lang='lat' dir='ltr'><strong>dem</strong></span> <span class='ocrx_word' id='word_1_32' title='bbox 400 692 691 773; x_wconf 83' lang='lat' dir='ltr'><strong>Henrici,</strong></span> <span class='ocrx_word' id='word_1_33' title='bbox 735 712 815 755; x_wconf 85' lang='lat' dir='ltr'><strong>ac</strong></span> <span class='ocrx_word' id='word_1_34' title='bbox 858 701 1145 757; x_wconf 79' lang='lat' dir='ltr'><strong>castrum</strong></span> <span class='ocrx_word' id='word_1_35' title='bbox 1191 691 1439 767; x_wconf 87' lang='lat' dir='ltr'><strong>Dobra,</strong></span> <span class='ocrx_word' id='word_1_36' title='bbox 1486 691 1666 778; x_wconf 89' lang='lat' dir='ltr'><strong>quod</strong></span> <span class='ocrx_word' id='word_1_37' title='bbox 1709 692 2023 757; x_wconf 87' lang='lat' dir='ltr'><strong>Nicolaus</strong></span> <span class='ocrx_word' id='word_1_38' title='bbox 2082 702 2149 757; x_wconf 88' lang='lat' dir='ltr'><strong>et</strong></span> <span class='ocrx_word' id='word_1_39' title='bbox 2207 692 2588 777; x_wconf 70' lang='lat' dir='ltr'><strong>Stephanus</strong></span> 
     </span>
     <span class='ocr_line' id='line_1_6' title="bbox 223 776 2576 863; baseline 0 -20"><span class='ocrx_word' id='word_1_40' title='bbox 223 780 329 844; x_wconf 91' lang='lat' dir='ltr'><strong>filii</strong></span> <span class='ocrx_word' id='word_1_41' title='bbox 367 776 569 853; x_wconf 85' lang='lat' dir='ltr'><strong>Pauli,</strong></span> <span class='ocrx_word' id='word_1_42' title='bbox 611 786 681 843; x_wconf 88' lang='lat' dir='ltr'><strong>et</strong></span> <span class='ocrx_word' id='word_1_43' title='bbox 719 784 1008 844; x_wconf 75' lang='lat' dir='ltr'><strong>castrum</strong></span> <span class='ocrx_word' id='word_1_44' title='bbox 1030 778 1191 842; x_wconf 82' lang='lat' dir='ltr'><strong>Rew</strong></span> <span class='ocrx_word' id='word_1_45' title='bbox 1233 787 1539 842; x_wconf 80' lang='lat' dir='ltr'><strong>vocatum</strong></span> <span class='ocrx_word' id='word_1_46' title='bbox 1587 777 1764 863; x_wconf 87' lang='lat' dir='ltr'><strong>quod</strong></span> <span class='ocrx_word' id='word_1_47' title='bbox 1806 778 1998 843; x_wconf 87' lang='lat' dir='ltr'><strong>Merk</strong></span> <span class='ocrx_word' id='word_1_48' title='bbox 2041 778 2219 863; x_wconf 80' lang='lat' dir='ltr'><strong>filius</strong></span> <span class='ocrx_word' id='word_1_49' title='bbox 2259 776 2576 863; x_wconf 67' lang='lat' dir='ltr'><strong>Gymwr,</strong></span> 
     </span>
     <span class='ocr_line' id='line_1_7' title="bbox 226 863 2580 951; baseline 0 -22"><span class='ocrx_word' id='word_1_50' title='bbox 226 867 324 951; x_wconf 89' lang='lat' dir='ltr'><strong>qui</strong></span> <span class='ocrx_word' id='word_1_51' title='bbox 364 887 405 928; x_wconf 88' lang='lat' dir='ltr'><strong>a</strong></span> <span class='ocrx_word' id='word_1_52' title='bbox 444 884 597 948; x_wconf 81' lang='lat' dir='ltr'><strong>rege</strong></span> <span class='ocrx_word' id='word_1_53' title='bbox 640 864 971 948; x_wconf 84' lang='lat' dir='ltr'><strong>Ungariae</strong></span> <span class='ocrx_word' id='word_1_54' title='bbox 1042 863 1572 948; x_wconf 76' lang='lat' dir='ltr'><strong>transfugientes,</strong></span> <span class='ocrx_word' id='word_1_55' title='bbox 1641 884 1712 927; x_wconf 90' lang='lat' dir='ltr'><strong>se</strong></span> <span class='ocrx_word' id='word_1_56' title='bbox 1759 865 1844 928; x_wconf 88' lang='lat' dir='ltr'><strong>ad</strong></span> <span class='ocrx_word' id='word_1_57' title='bbox 1889 886 2008 929; x_wconf 89' lang='lat' dir='ltr'><strong>nos</strong></span> <span class='ocrx_word' id='word_1_58' title='bbox 2076 866 2580 944; x_wconf 83' lang='lat' dir='ltr'><strong>transtulerunt,</strong></span> 
     </span>
     <span class='ocr_line' id='line_1_8' title="bbox 226 947 2592 1033; baseline 0.001 -18"><span class='ocrx_word' id='word_1_59' title='bbox 226 952 499 1016; x_wconf 80' lang='lat' dir='ltr'><strong>detinent</strong></span> <span class='ocrx_word' id='word_1_60' title='bbox 543 957 879 1033; x_wconf 86' lang='lat' dir='ltr'><strong>occupata,</strong></span> <span class='ocrx_word' id='word_1_61' title='bbox 925 951 1113 1033; x_wconf 79' lang='lat' dir='ltr'><strong>juxta</strong></span> <span class='ocrx_word' id='word_1_62' title='bbox 1173 949 1655 1015; x_wconf 76' lang='lat' dir='ltr'><strong>ordinationem</strong></span> <span class='ocrx_word' id='word_1_63' title='bbox 1702 947 2023 1015; x_wconf 87' lang='lat' dir='ltr'><strong>baronum</strong></span> <span class='ocrx_word' id='word_1_64' title='bbox 2083 958 2454 1017; x_wconf 79' lang='lat' dir='ltr'><strong>nostrorum</strong></span> <span class='ocrx_word' id='word_1_65' title='bbox 2510 960 2592 1027; x_wconf 84' lang='lat' dir='ltr'><strong>et,</strong></span> 
     </span>
     <span class='ocr_line' id='line_1_9' title="bbox 222 1034 2584 1123; baseline 0 -22"><span class='ocrx_word' id='word_1_66' title='bbox 222 1038 407 1123; x_wconf 86' lang='lat' dir='ltr'><strong>ipsius</strong></span> <span class='ocrx_word' id='word_1_67' title='bbox 449 1036 625 1120; x_wconf 87' lang='lat' dir='ltr'><strong>regis</strong></span> <span class='ocrx_word' id='word_1_68' title='bbox 669 1036 1007 1121; x_wconf 82' lang='lat' dir='ltr'><strong>Ungariae</strong></span> <span class='ocrx_word' id='word_1_69' title='bbox 1049 1036 1505 1120; x_wconf 83' lang='lat' dir='ltr'><strong>recuperanda</strong></span> <span class='ocrx_word' id='word_1_70' title='bbox 1549 1044 1616 1101; x_wconf 89' lang='lat' dir='ltr'><strong>et</strong></span> <span class='ocrx_word' id='word_1_71' title='bbox 1661 1034 1966 1102; x_wconf 86' lang='lat' dir='ltr'><strong>habenda</strong></span> <span class='ocrx_word' id='word_1_72' title='bbox 2011 1035 2095 1102; x_wconf 91' lang='lat' dir='ltr'><strong>de</strong></span> <span class='ocrx_word' id='word_1_73' title='bbox 2139 1044 2366 1101; x_wconf 86' lang='lat' dir='ltr'><strong>nostra</strong></span> <span class='ocrx_word' id='word_1_74' title='bbox 2409 1036 2584 1101; x_wconf 87' lang='lat' dir='ltr'><strong>bona</strong></span> 
     </span>
     <span class='ocr_line' id='line_1_10' title="bbox 225 1112 2137 1188; baseline -0.003 -1"><span class='ocrx_word' id='word_1_75' title='bbox 225 1122 543 1188; x_wconf 84' lang='lat' dir='ltr'><strong>voluntate</strong></span> <span class='ocrx_word' id='word_1_76' title='bbox 589 1122 1015 1188; x_wconf 85' lang='lat' dir='ltr'><strong>deseruimus.</strong></span> <span class='ocrx_word' id='word_1_77' title='bbox 2109 1112 2137 1133; x_wconf 62' lang='lat'>⁹</span> 
     </span>
    </p>

    <p class='ocr_par' dir='ltr' id='par_1_3' title="bbox 223 1206 2585 1895">
     <span class='ocr_line' id='line_1_11' title="bbox 372 1206 2583 1293; baseline -0.001 -20"><span class='ocrx_word' id='word_1_78' title='bbox 372 1206 764 1293; x_wconf 84' lang='lat' dir='ltr'><strong>Adjiciendo</strong></span> <span class='ocrx_word' id='word_1_79' title='bbox 810 1217 877 1272; x_wconf 89' lang='lat' dir='ltr'><strong>et</strong></span> <span class='ocrx_word' id='word_1_80' title='bbox 917 1228 1227 1293; x_wconf 81' lang='lat' dir='ltr'><strong>expresse</strong></span> <span class='ocrx_word' id='word_1_81' title='bbox 1268 1206 1586 1287; x_wconf 87' lang='lat' dir='ltr'><strong>cavend0,</strong></span> <span class='ocrx_word' id='word_1_82' title='bbox 1633 1206 1812 1293; x_wconf 89' lang='lat' dir='ltr'><strong>quod</strong></span> <span class='ocrx_word' id='word_1_83' title='bbox 1856 1207 2228 1273; x_wconf 74' lang='lat' dir='ltr'><strong>detentores</strong></span> <span class='ocrx_word' id='word_1_84' title='bbox 2287 1207 2583 1293; x_wconf 87' lang='lat' dir='ltr'><strong>praedic-</strong></span> 
     </span>
     <span class='ocr_line' id='line_1_12' title="bbox 228 1292 2581 1379; baseline -0.001 -20"><span class='ocrx_word' id='word_1_85' title='bbox 228 1304 421 1359; x_wconf 87' lang='lat' dir='ltr'><strong>torum</strong></span> <span class='ocrx_word' id='word_1_86' title='bbox 465 1303 830 1359; x_wconf 84' lang='lat' dir='ltr'><strong>castrorum</strong></span> <span class='ocrx_word' id='word_1_87' title='bbox 888 1314 1014 1359; x_wconf 87' lang='lat' dir='ltr'><strong>nec</strong></span> <span class='ocrx_word' id='word_1_88' title='bbox 1077 1314 1193 1378; x_wconf 85' lang='lat' dir='ltr'><strong>per</strong></span> <span class='ocrx_word' id='word_1_89' title='bbox 1234 1293 1634 1359; x_wconf 86' lang='lat' dir='ltr'><strong>Teutonicos</strong></span> <span class='ocrx_word' id='word_1_90' title='bbox 1694 1314 1818 1357; x_wconf 89' lang='lat' dir='ltr'><strong>nec</strong></span> <span class='ocrx_word' id='word_1_91' title='bbox 1884 1315 2003 1377; x_wconf 88' lang='lat' dir='ltr'><strong>per</strong></span> <span class='ocrx_word' id='word_1_92' title='bbox 2060 1292 2341 1359; x_wconf 87' lang='lat' dir='ltr'><strong>Boemos</strong></span> <span class='ocrx_word' id='word_1_93' title='bbox 2386 1294 2581 1379; x_wconf 84' lang='lat' dir='ltr'><strong>juva·</strong></span> 
     </span>
     <span class='ocr_line' id='line_1_13' title="bbox 223 1378 2585 1466; baseline 0 -22"><span class='ocrx_word' id='word_1_94' title='bbox 223 1378 435 1461; x_wconf 85' lang='lat' dir='ltr'><strong>bimus,</strong></span> <span class='ocrx_word' id='word_1_95' title='bbox 476 1400 607 1444; x_wconf 90' lang='lat' dir='ltr'><strong>nec</strong></span> <span class='ocrx_word' id='word_1_96' title='bbox 640 1379 867 1465; x_wconf 82' lang='lat' dir='ltr'><strong>juvari</strong></span> <span class='ocrx_word' id='word_1_97' title='bbox 908 1379 1327 1466; x_wconf 86' lang='lat' dir='ltr'><strong>aliquatenus</strong></span> <span class='ocrx_word' id='word_1_98' title='bbox 1370 1380 1841 1464; x_wconf 80' lang='lat' dir='ltr'><strong>permittemus,</strong></span> <span class='ocrx_word' id='word_1_99' title='bbox 1885 1378 2106 1465; x_wconf 86' lang='lat' dir='ltr'><strong>palam</strong></span> <span class='ocrx_word' id='word_1_100' title='bbox 2152 1378 2260 1445; x_wconf 81' lang='lat' dir='ltr'><strong>vel</strong></span> <span class='ocrx_word' id='word_1_101' title='bbox 2305 1378 2585 1460; x_wconf 81' lang='lat' dir='ltr'><strong>occulte,</strong></span> 
     </span>
     <span class='ocr_line' id='line_1_14' title="bbox 227 1464 2581 1551; baseline -0.001 -20"><span class='ocrx_word' id='word_1_102' title='bbox 227 1475 281 1531; x_wconf 88' lang='lat' dir='ltr'><strong>et</strong></span> <span class='ocrx_word' id='word_1_103' title='bbox 318 1466 697 1531; x_wconf 83' lang='lat' dir='ltr'><strong>nominatim</strong></span> <span class='ocrx_word' id='word_1_104' title='bbox 743 1485 877 1530; x_wconf 91' lang='lat' dir='ltr'><strong>non</strong></span> <span class='ocrx_word' id='word_1_105' title='bbox 922 1467 1249 1550; x_wconf 91' lang='lat' dir='ltr'><strong>patiemur</strong></span> <span class='ocrx_word' id='word_1_106' title='bbox 1290 1486 1406 1529; x_wconf 90' lang='lat' dir='ltr'><strong>eos</strong></span> <span class='ocrx_word' id='word_1_107' title='bbox 1440 1464 1664 1551; x_wconf 83' lang='lat' dir='ltr'><strong>juvari</strong></span> <span class='ocrx_word' id='word_1_108' title='bbox 1712 1474 1944 1529; x_wconf 83' lang='lat' dir='ltr'><strong>contra</strong></span> <span class='ocrx_word' id='word_1_109' title='bbox 1987 1486 2208 1550; x_wconf 90' lang='lat' dir='ltr'><strong>regem</strong></span> <span class='ocrx_word' id='word_1_110' title='bbox 2241 1464 2581 1550; x_wconf 81' lang='lat' dir='ltr'><strong>Ungariae</strong></span> 
     </span>
     <span class='ocr_line' id='line_1_15' title="bbox 226 1550 2580 1638; baseline 0 -23"><span class='ocrx_word' id='word_1_111' title='bbox 226 1552 285 1615; x_wconf 90' lang='lat' dir='ltr'><strong>in</strong></span> <span class='ocrx_word' id='word_1_112' title='bbox 324 1552 477 1638; x_wconf 78' lang='lat' dir='ltr'><strong>ipsis</strong></span> <span class='ocrx_word' id='word_1_113' title='bbox 521 1551 756 1615; x_wconf 88' lang='lat' dir='ltr'><strong>castris</strong></span> <span class='ocrx_word' id='word_1_114' title='bbox 800 1551 1173 1617; x_wconf 85' lang='lat' dir='ltr'><strong>detinendis</strong></span> <span class='ocrx_word' id='word_1_115' title='bbox 1218 1572 1336 1636; x_wconf 91' lang='lat' dir='ltr'><strong>per</strong></span> <span class='ocrx_word' id='word_1_116' title='bbox 1380 1551 1697 1631; x_wconf 87' lang='lat' dir='ltr'><strong>homines,</strong></span> <span class='ocrx_word' id='word_1_117' title='bbox 1741 1571 1906 1637; x_wconf 88' lang='lat' dir='ltr'><strong>quos</strong></span> <span class='ocrx_word' id='word_1_118' title='bbox 1949 1551 1972 1615; x_wconf 89' lang='lat' dir='ltr'><strong>i</strong></span> <span class='ocrx_word' id='word_1_119' title='bbox 2021 1552 2115 1615; x_wconf 90' lang='lat' dir='ltr'><strong>sis</strong></span> <span class='ocrx_word' id='word_1_120' title='bbox 2139 1550 2432 1615; x_wconf 76' lang='lat' dir='ltr'><strong>Hem-ico</strong></span> <span class='ocrx_word' id='word_1_121' title='bbox 2457 1552 2580 1616; x_wconf 88' lang='lat' dir='ltr'><strong>sci·</strong></span> 
     </span>
     <span class='ocr_line' id='line_1_16' title="bbox 226 1635 2582 1723; baseline -0.001 -21"><span class='ocrx_word' id='word_1_122' title='bbox 226 1636 362 1703; x_wconf 87' lang='lat' dir='ltr'><strong>licet</strong></span> <span class='ocrx_word' id='word_1_123' title='bbox 400 1646 465 1703; x_wconf 89' lang='lat' dir='ltr'><strong>et</strong></span> <span class='ocrx_word' id='word_1_124' title='bbox 502 1636 796 1703; x_wconf 69' lang='lat' dir='ltr'><strong>‚Iohanni</strong></span> <span class='ocrx_word' id='word_1_125' title='bbox 839 1637 975 1701; x_wconf 90' lang='lat' dir='ltr'><strong>filio</strong></span> <span class='ocrx_word' id='word_1_126' title='bbox 1018 1635 1337 1721; x_wconf 86' lang='lat' dir='ltr'><strong>ejusdem,</strong></span> <span class='ocrx_word' id='word_1_127' title='bbox 1382 1636 1656 1703; x_wconf 88' lang='lat' dir='ltr'><strong>Nicolao</strong></span> <span class='ocrx_word' id='word_1_128' title='bbox 1703 1645 1769 1701; x_wconf 89' lang='lat' dir='ltr'><strong>et</strong></span> <span class='ocrx_word' id='word_1_129' title='bbox 1812 1636 1971 1723; x_wconf 88' lang='lat' dir='ltr'><strong>Step</strong></span> <span class='ocrx_word' id='word_1_130' title='bbox 2021 1658 2149 1703; x_wconf 86' lang='lat' dir='ltr'><strong>ano</strong></span> <span class='ocrx_word' id='word_1_131' title='bbox 2191 1635 2346 1701; x_wconf 89' lang='lat' dir='ltr'><strong>filiis</strong></span> <span class='ocrx_word' id='word_1_132' title='bbox 2391 1635 2582 1701; x_wconf 84' lang='lat' dir='ltr'><strong>Pauli</strong></span> 
     </span>
     <span class='ocr_line' id='line_1_17' title="bbox 226 1722 2580 1809; baseline -0.001 -20"><span class='ocrx_word' id='word_1_133' title='bbox 226 1732 282 1789; x_wconf 87' lang='lat' dir='ltr'><strong>et</strong></span> <span class='ocrx_word' id='word_1_134' title='bbox 318 1722 666 1789; x_wconf 82' lang='lat' dir='ltr'><strong>Laurentio</strong></span> <span class='ocrx_word' id='word_1_135' title='bbox 710 1722 846 1790; x_wconf 87' lang='lat' dir='ltr'><strong>filio</strong></span> <span class='ocrx_word' id='word_1_136' title='bbox 890 1723 1068 1787; x_wconf 88' lang='lat' dir='ltr'><strong>Petri</strong></span> <span class='ocrx_word' id='word_1_137' title='bbox 1114 1723 1578 1798; x_wconf 80' lang='lat' dir='ltr'><strong>concessimus,</strong></span> <span class='ocrx_word' id='word_1_138' title='bbox 1622 1730 1967 1809; x_wconf 87' lang='lat' dir='ltr'><strong>postquam</strong></span> <span class='ocrx_word' id='word_1_139' title='bbox 2029 1744 2100 1788; x_wconf 90' lang='lat' dir='ltr'><strong>se</strong></span> <span class='ocrx_word' id='word_1_140' title='bbox 2144 1744 2185 1788; x_wconf 87' lang='lat' dir='ltr'><strong>a</strong></span> <span class='ocrx_word' id='word_1_141' title='bbox 2245 1744 2402 1808; x_wconf 84' lang='lat' dir='ltr'><strong>rege</strong></span> <span class='ocrx_word' id='word_1_142' title='bbox 2441 1722 2580 1787; x_wconf 89' lang='lat' dir='ltr'><strong>Un-</strong></span> 
     </span>
     <span class='ocr_line' id='line_1_18' title="bbox 228 1807 1945 1895; baseline -0.001 -22"><span class='ocrx_word' id='word_1_143' title='bbox 228 1810 425 1895; x_wconf 83' lang='lat' dir='ltr'><strong>gariae</strong></span> <span class='ocrx_word' id='word_1_144' title='bbox 466 1808 551 1875; x_wconf 87' lang='lat' dir='ltr'><strong>ad</strong></span> <span class='ocrx_word' id='word_1_145' title='bbox 600 1830 721 1875; x_wconf 85' lang='lat' dir='ltr'><strong>nos</strong></span> <span class='ocrx_word' id='word_1_146' title='bbox 766 1830 916 1874; x_wconf 91' lang='lat' dir='ltr'><strong>cum</strong></span> <span class='ocrx_word' id='word_1_147' title='bbox 962 1810 1123 1895; x_wconf 85' lang='lat' dir='ltr'><strong>ipsis</strong></span> <span class='ocrx_word' id='word_1_148' title='bbox 1168 1810 1399 1873; x_wconf 89' lang='lat' dir='ltr'><strong>castris</strong></span> <span class='ocrx_word' id='word_1_149' title='bbox 1444 1807 1945 1873; x_wconf 85' lang='lat' dir='ltr'><strong>transtulerunt.</strong></span> 
     </span>
    </p>

    <p class='ocr_par' dir='ltr' id='par_1_4' title="bbox 227 1892 2593 2321">
     <span class='ocr_line' id='line_1_19' title="bbox 382 1892 2593 1981; baseline -0.001 -20"><span class='ocrx_word' id='word_1_150' title='bbox 382 1894 828 1961; x_wconf 87' lang='lat' dir='ltr'><strong>Promittendo</strong></span> <span class='ocrx_word' id='word_1_151' title='bbox 870 1895 1148 1962; x_wconf 85' lang='lat' dir='ltr'><strong>firmiter</strong></span> <span class='ocrx_word' id='word_1_152' title='bbox 1196 1895 1395 1981; x_wconf 82' lang='lat' dir='ltr'><strong>juxta</strong></span> <span class='ocrx_word' id='word_1_153' title='bbox 1454 1893 1814 1959; x_wconf 89' lang='lat' dir='ltr'><strong>eorundem</strong></span> <span class='ocrx_word' id='word_1_154' title='bbox 1871 1892 2193 1957; x_wconf 87' lang='lat' dir='ltr'><strong>baronum</strong></span> <span class='ocrx_word' id='word_1_155' title='bbox 2270 1892 2593 1959; x_wconf 86' lang='lat' dir='ltr'><strong>ordinati··</strong></span> 
     </span>
     <span class='ocr_line' id='line_1_20' title="bbox 228 1977 2579 2063; baseline -0 -19"><span class='ocrx_word' id='word_1_156' title='bbox 228 2001 415 2063; x_wconf 83' lang='lat' dir='ltr'><strong>onem,</strong></span> <span class='ocrx_word' id='word_1_157' title='bbox 504 1981 640 2047; x_wconf 86' lang='lat' dir='ltr'><strong>uod</strong></span> <span class='ocrx_word' id='word_1_158' title='bbox 688 1980 772 2047; x_wconf 90' lang='lat' dir='ltr'><strong>de</strong></span> <span class='ocrx_word' id='word_1_159' title='bbox 812 1982 1050 2047; x_wconf 85' lang='lat' dir='ltr'><strong>castris</strong></span> <span class='ocrx_word' id='word_1_160' title='bbox 1094 1982 1335 2046; x_wconf 87' lang='lat' dir='ltr'><strong>nostris</strong></span> <span class='ocrx_word' id='word_1_161' title='bbox 1381 1979 1639 2045; x_wconf 89' lang='lat' dir='ltr'><strong>nullum</strong></span> <span class='ocrx_word' id='word_1_162' title='bbox 1683 1988 2153 2045; x_wconf 81' lang='lat' dir='ltr'><strong>nocumentum</strong></span> <span class='ocrx_word' id='word_1_163' title='bbox 2200 1977 2579 2044; x_wconf 87' lang='lat' dir='ltr'><strong>hominibus</strong></span> 
     </span>
     <span class='ocr_line' id='line_1_21' title="bbox 227 2064 2574 2154; baseline -0.001 -23"><span class='ocrx_word' id='word_1_164' title='bbox 227 2069 387 2151; x_wconf 87' lang='lat' dir='ltr'><strong>regni</strong></span> <span class='ocrx_word' id='word_1_165' title='bbox 492 2067 767 2153; x_wconf 83' lang='lat' dir='ltr'><strong>ngariae</strong></span> <span class='ocrx_word' id='word_1_166' title='bbox 806 2066 1040 2133; x_wconf 86' lang='lat' dir='ltr'><strong>inferri</strong></span> <span class='ocrx_word' id='word_1_167' title='bbox 1083 2066 1409 2154; x_wconf 86' lang='lat' dir='ltr'><strong>patiemur</strong></span> <span class='ocrx_word' id='word_1_168' title='bbox 1451 2087 1569 2151; x_wconf 91' lang='lat' dir='ltr'><strong>per</strong></span> <span class='ocrx_word' id='word_1_169' title='bbox 1613 2064 2027 2149; x_wconf 88' lang='lat' dir='ltr'><strong>supradictos</strong></span> <span class='ocrx_word' id='word_1_170' title='bbox 2049 2064 2434 2145; x_wconf 86' lang='lat' dir='ltr'><strong>Henricum‚</strong></span> <span class='ocrx_word' id='word_1_171' title='bbox 2467 2065 2574 2129; x_wconf 73' lang='lat' dir='ltr'><strong>Jo-</strong></span> 
     </span>
     <span class='ocr_line' id='line_1_22' title="bbox 228 2148 2587 2240; baseline -0.001 -23"><span class='ocrx_word' id='word_1_172' title='bbox 228 2152 483 2219; x_wconf 84' lang='lat' dir='ltr'><strong>hannem</strong></span> <span class='ocrx_word' id='word_1_173' title='bbox 525 2152 739 2219; x_wconf 87' lang='lat' dir='ltr'><strong>filium</strong></span> <span class='ocrx_word' id='word_1_174' title='bbox 782 2153 1099 2239; x_wconf 87' lang='lat' dir='ltr'><strong>ejusdem,</strong></span> <span class='ocrx_word' id='word_1_175' title='bbox 1158 2152 1504 2219; x_wconf 83' lang='lat' dir='ltr'><strong>Nicolaum</strong></span> <span class='ocrx_word' id='word_1_176' title='bbox 1566 2158 1631 2215; x_wconf 93' lang='lat' dir='ltr'><strong>et</strong></span> <span class='ocrx_word' id='word_1_177' title='bbox 1688 2150 2096 2237; x_wconf 87' lang='lat' dir='ltr'><strong>Stephanum</strong></span> <span class='ocrx_word' id='word_1_178' title='bbox 2157 2148 2327 2216; x_wconf 89' lang='lat' dir='ltr'><strong>filios</strong></span> <span class='ocrx_word' id='word_1_179' title='bbox 2386 2150 2587 2240; x_wconf 21' lang='lat' dir='ltr'><strong>Pauli,</strong></span> 
     </span>
     <span class='ocr_line' id='line_1_23' title="bbox 228 2236 1842 2321; baseline -0.002 -18"><span class='ocrx_word' id='word_1_180' title='bbox 228 2247 282 2304; x_wconf 88' lang='lat' dir='ltr'><strong>et</strong></span> <span class='ocrx_word' id='word_1_181' title='bbox 320 2241 521 2321; x_wconf 78' lang='lat' dir='ltr'><strong>socies</strong></span> <span class='ocrx_word' id='word_1_182' title='bbox 565 2238 925 2306; x_wconf 89' lang='lat' dir='ltr'><strong>eorundem</strong></span> <span class='ocrx_word' id='word_1_183' title='bbox 973 2261 1051 2304; x_wconf 89' lang='lat' dir='ltr'><strong>ac</strong></span> <span class='ocrx_word' id='word_1_184' title='bbox 1094 2236 1529 2303; x_wconf 82' lang='lat' dir='ltr'><strong>adhaerentes</strong></span> <span class='ocrx_word' id='word_1_185' title='bbox 1572 2236 1842 2303; x_wconf 87' lang='lat' dir='ltr'><strong>eisdem.</strong></span> 
     </span>
    </p>

    <p class='ocr_par' dir='ltr' id='par_1_5' title="bbox 222 2320 2581 3185">
     <span class='ocr_line' id='line_1_24' title="bbox 378 2320 2580 2411; baseline -0.002 -22"><span class='ocrx_word' id='word_1_186' title='bbox 378 2326 524 2391; x_wconf 89' lang='lat' dir='ltr'><strong>Hoc</strong></span> <span class='ocrx_word' id='word_1_187' title='bbox 568 2346 886 2411; x_wconf 84' lang='lat' dir='ltr'><strong>expresse</strong></span> <span class='ocrx_word' id='word_1_188' title='bbox 948 2324 1299 2405; x_wconf 82' lang='lat' dir='ltr'><strong>declarato,</strong></span> <span class='ocrx_word' id='word_1_189' title='bbox 1359 2322 1533 2409; x_wconf 89' lang='lat' dir='ltr'><strong>quod</strong></span> <span class='ocrx_word' id='word_1_190' title='bbox 1593 2324 1647 2387; x_wconf 88' lang='lat' dir='ltr'><strong>si</strong></span> <span class='ocrx_word' id='word_1_191' title='bbox 1705 2322 1906 2387; x_wconf 87' lang='lat' dir='ltr'><strong>iidem</strong></span> <span class='ocrx_word' id='word_1_192' title='bbox 1961 2320 2222 2403; x_wconf 85' lang='lat' dir='ltr'><strong>damna,</strong></span> <span class='ocrx_word' id='word_1_193' title='bbox 2280 2322 2580 2407; x_wconf 82' lang='lat' dir='ltr'><strong>injurias,</strong></span> 
     </span>
     <span class='ocr_line' id='line_1_25' title="bbox 225 2404 2580 2497; baseline -0 -23"><span class='ocrx_word' id='word_1_194' title='bbox 225 2410 486 2477; x_wconf 80' lang='lat' dir='ltr'><strong>insultus</strong></span> <span class='ocrx_word' id='word_1_195' title='bbox 528 2410 645 2477; x_wconf 86' lang='lat' dir='ltr'><strong>vel</strong></span> <span class='ocrx_word' id='word_1_196' title='bbox 685 2408 1228 2497; x_wconf 82' lang='lat' dir='ltr'><strong>depraedationes</strong></span> <span class='ocrx_word' id='word_1_197' title='bbox 1273 2409 1527 2497; x_wconf 89' lang='lat' dir='ltr'><strong>aliquas</strong></span> <span class='ocrx_word' id='word_1_198' title='bbox 1573 2406 1948 2473; x_wconf 85' lang='lat' dir='ltr'><strong>hominibus</strong></span> <span class='ocrx_word' id='word_1_199' title='bbox 2015 2408 2203 2494; x_wconf 86' lang='lat' dir='ltr'><strong>regni</strong></span> <span class='ocrx_word' id='word_1_200' title='bbox 2245 2404 2580 2493; x_wconf 87' lang='lat' dir='ltr'><strong>Ungariae</strong></span> 
     </span>
     <span class='ocr_line' id='line_1_26' title="bbox 228 2492 2580 2582; baseline 0 -22"><span class='ocrx_word' id='word_1_201' title='bbox 228 2494 497 2582; x_wconf 86' lang='lat' dir='ltr'><strong>quolibet</strong></span> <span class='ocrx_word' id='word_1_202' title='bbox 550 2497 842 2581; x_wconf 87' lang='lat' dir='ltr'><strong>ingenio,</strong></span> <span class='ocrx_word' id='word_1_203' title='bbox 896 2495 1128 2561; x_wconf 75' lang='lat' dir='ltr'><strong>fraude</strong></span> <span class='ocrx_word' id='word_1_204' title='bbox 1189 2494 1297 2561; x_wconf 86' lang='lat' dir='ltr'><strong>vel</strong></span> <span class='ocrx_word' id='word_1_205' title='bbox 1352 2495 1880 2560; x_wconf 87' lang='lat' dir='ltr'><strong>machinamento</strong></span> <span class='ocrx_word' id='word_1_206' title='bbox 1939 2492 2186 2560; x_wconf 86' lang='lat' dir='ltr'><strong>inferre</strong></span> <span class='ocrx_word' id='word_1_207' title='bbox 2243 2515 2580 2580; x_wconf 80' lang='lat' dir='ltr'><strong>praesum·</strong></span> 
     </span>
     <span class='ocr_line' id='line_1_27' title="bbox 224 2580 2579 2668; baseline -0 -22"><span class='ocrx_word' id='word_1_208' title='bbox 224 2584 425 2667; x_wconf 73' lang='lat' dir='ltr'><strong>peel-it,</strong></span> <span class='ocrx_word' id='word_1_209' title='bbox 466 2590 535 2649; x_wconf 87' lang='lat' dir='ltr'><strong>et</strong></span> <span class='ocrx_word' id='word_1_210' title='bbox 578 2604 781 2668; x_wconf 89' lang='lat' dir='ltr'><strong>super</strong></span> <span class='ocrx_word' id='word_1_211' title='bbox 824 2582 947 2650; x_wconf 87' lang='lat' dir='ltr'><strong>hoc</strong></span> <span class='ocrx_word' id='word_1_212' title='bbox 990 2583 1183 2649; x_wconf 90' lang='lat' dir='ltr'><strong>nobis</strong></span> <span class='ocrx_word' id='word_1_213' title='bbox 1226 2604 1346 2668; x_wconf 90' lang='lat' dir='ltr'><strong>per</strong></span> <span class='ocrx_word' id='word_1_214' title='bbox 1365 2580 1741 2645; x_wconf 84' lang='lat' dir='ltr'><strong>Hartlibum</strong></span> <span class='ocrx_word' id='word_1_215' title='bbox 1787 2582 2217 2646; x_wconf 87' lang='lat' dir='ltr'><strong>camerarium</strong></span> <span class='ocrx_word' id='word_1_216' title='bbox 2260 2588 2579 2660; x_wconf 83' lang='lat' dir='ltr'><strong>nostrum,</strong></span> 
     </span>
     <span class='ocr_line' id='line_1_28' title="bbox 224 2664 2581 2756; baseline -0.001 -20"><span class='ocrx_word' id='word_1_217' title='bbox 224 2668 323 2753; x_wconf 84' lang='lat' dir='ltr'><strong>qui</strong></span> <span class='ocrx_word' id='word_1_218' title='bbox 362 2667 719 2735; x_wconf 86' lang='lat' dir='ltr'><strong>seeundum</strong></span> <span class='ocrx_word' id='word_1_219' title='bbox 764 2668 1043 2734; x_wconf 85' lang='lat' dir='ltr'><strong>formam</strong></span> <span class='ocrx_word' id='word_1_220' title='bbox 1092 2667 2217 2756; x_wconf 87' lang='lat' dir='ltr'><strong>compositionisimpraesentiarum</strong></span> <span class='ocrx_word' id='word_1_221' title='bbox 2256 2665 2470 2731; x_wconf 85' lang='lat' dir='ltr'><strong>factae</strong></span> <span class='ocrx_word' id='word_1_222' title='bbox 2493 2664 2581 2734; x_wconf 85' lang='lat' dir='ltr'><strong>ad</strong></span> 
     </span>
     <span class='ocr_line' id='line_1_29' title="bbox 222 2752 2576 2841; baseline 0 -24"><span class='ocrx_word' id='word_1_223' title='bbox 222 2752 734 2840; x_wconf 85' lang='lat' dir='ltr'><strong>investigandum</strong></span> <span class='ocrx_word' id='word_1_224' title='bbox 781 2764 847 2821; x_wconf 91' lang='lat' dir='ltr'><strong>et</strong></span> <span class='ocrx_word' id='word_1_225' title='bbox 889 2754 1351 2841; x_wconf 85' lang='lat' dir='ltr'><strong>inquirendum</strong></span> <span class='ocrx_word' id='word_1_226' title='bbox 1400 2754 1732 2819; x_wconf 87' lang='lat' dir='ltr'><strong>hominem</strong></span> <span class='ocrx_word' id='word_1_227' title='bbox 1776 2774 1991 2833; x_wconf 85' lang='lat' dir='ltr'><strong>suum,</strong></span> <span class='ocrx_word' id='word_1_228' title='bbox 2037 2754 2144 2817; x_wconf 90' lang='lat' dir='ltr'><strong>eui</strong></span> <span class='ocrx_word' id='word_1_229' title='bbox 2169 2773 2369 2839; x_wconf 88' lang='lat' dir='ltr'><strong>super</strong></span> <span class='ocrx_word' id='word_1_230' title='bbox 2437 2774 2576 2817; x_wconf 86' lang='lat' dir='ltr'><strong>rae-</strong></span> 
     </span>
     <span class='ocr_line' id='line_1_30' title="bbox 224 2836 2578 2925; baseline -0.001 -20"><span class='ocrx_word' id='word_1_231' title='bbox 224 2842 417 2906; x_wconf 88' lang='lat' dir='ltr'><strong>missis</strong></span> <span class='ocrx_word' id='word_1_232' title='bbox 456 2842 639 2907; x_wconf 84' lang='lat' dir='ltr'><strong>credi</strong></span> <span class='ocrx_word' id='word_1_233' title='bbox 685 2841 909 2925; x_wconf 84' lang='lat' dir='ltr'><strong>possit,</strong></span> <span class='ocrx_word' id='word_1_234' title='bbox 953 2842 1393 2905; x_wconf 87' lang='lat' dir='ltr'><strong>transmittere</strong></span> <span class='ocrx_word' id='word_1_235' title='bbox 1422 2849 1700 2921; x_wconf 85' lang='lat' dir='ltr'><strong>tenetur,</strong></span> <span class='ocrx_word' id='word_1_236' title='bbox 1746 2839 1920 2905; x_wconf 86' lang='lat' dir='ltr'><strong>facta</strong></span> <span class='ocrx_word' id='word_1_237' title='bbox 1941 2838 2138 2904; x_wconf 83' lang='lat' dir='ltr'><strong>fuerit</strong></span> <span class='ocrx_word' id='word_1_238' title='bbox 2160 2847 2340 2903; x_wconf 89' lang='lat' dir='ltr'><strong>certa</strong></span> <span class='ocrx_word' id='word_1_239' title='bbox 2424 2836 2578 2904; x_wconf 86' lang='lat' dir='ltr'><strong>des:</strong></span> 
     </span>
     <span class='ocr_line' id='line_1_31' title="bbox 224 2925 2578 3013; baseline 0 -22"><span class='ocrx_word' id='word_1_240' title='bbox 224 2936 445 2993; x_wconf 82' lang='lat' dir='ltr'><strong>extunc</strong></span> <span class='ocrx_word' id='word_1_241' title='bbox 502 2925 770 2993; x_wconf 87' lang='lat' dir='ltr'><strong>eosdem</strong></span> <span class='ocrx_word' id='word_1_242' title='bbox 821 2926 1135 3007; x_wconf 74' lang='lat' dir='ltr'><strong>vomnibus</strong></span> <span class='ocrx_word' id='word_1_243' title='bbox 1194 2925 1720 3013; x_wconf 87' lang='lat' dir='ltr'><strong>possessionibus</strong></span> <span class='ocrx_word' id='word_1_244' title='bbox 1777 2926 1847 2990; x_wconf 91' lang='lat' dir='ltr'><strong>in</strong></span> <span class='ocrx_word' id='word_1_245' title='bbox 1917 2945 2330 3011; x_wconf 88' lang='lat' dir='ltr'><strong>quacumque</strong></span> <span class='ocrx_word' id='word_1_246' title='bbox 2389 2930 2578 3009; x_wconf 81' lang='lat' dir='ltr'><strong>parte</strong></span> 
     </span>
     <span class='ocr_line' id='line_1_32' title="bbox 224 3009 2572 3097; baseline -0.001 -21"><span class='ocrx_word' id='word_1_247' title='bbox 224 3014 387 3097; x_wconf 85' lang='lat' dir='ltr'><strong>regni</strong></span> <span class='ocrx_word' id='word_1_248' title='bbox 428 3014 637 3079; x_wconf 84' lang='lat' dir='ltr'><strong>nostri</strong></span> <span class='ocrx_word' id='word_1_249' title='bbox 682 3021 749 3078; x_wconf 85' lang='lat' dir='ltr'><strong>et</strong></span> <span class='ocrx_word' id='word_1_250' title='bbox 793 3021 1113 3079; x_wconf 88' lang='lat' dir='ltr'><strong>terrarum</strong></span> <span class='ocrx_word' id='word_1_251' title='bbox 1182 3022 1555 3077; x_wconf 87' lang='lat' dir='ltr'><strong>nostrarum</strong></span> <span class='ocrx_word' id='word_1_252' title='bbox 1603 3035 1645 3076; x_wconf 88' lang='lat' dir='ltr'><strong>a</strong></span> <span class='ocrx_word' id='word_1_253' title='bbox 1687 3011 1880 3078; x_wconf 91' lang='lat' dir='ltr'><strong>nobis</strong></span> <span class='ocrx_word' id='word_1_254' title='bbox 1926 3012 2254 3075; x_wconf 82' lang='lat' dir='ltr'><strong>concessis</strong></span> <span class='ocrx_word' id='word_1_255' title='bbox 2299 3017 2364 3074; x_wconf 88' lang='lat' dir='ltr'><strong>et</strong></span> <span class='ocrx_word' id='word_1_256' title='bbox 2396 3009 2572 3074; x_wconf 89' lang='lat' dir='ltr'><strong>datis</strong></span> 
     </span>
     <span class='ocr_line' id='line_1_33' title="bbox 224 3094 2578 3185; baseline -0.001 -22"><span class='ocrx_word' id='word_1_257' title='bbox 224 3098 631 3183; x_wconf 82' lang='lat' dir='ltr'><strong>spoliabimus</strong></span> <span class='ocrx_word' id='word_1_258' title='bbox 688 3109 754 3165; x_wconf 91' lang='lat' dir='ltr'><strong>et</strong></span> <span class='ocrx_word' id='word_1_259' title='bbox 796 3100 1225 3185; x_wconf 83' lang='lat' dir='ltr'><strong>privabimus,</strong></span> <span class='ocrx_word' id='word_1_260' title='bbox 1272 3096 1456 3163; x_wconf 87' lang='lat' dir='ltr'><strong>nullo</strong></span> <span class='ocrx_word' id='word_1_261' title='bbox 1503 3119 1805 3183; x_wconf 87' lang='lat' dir='ltr'><strong>regressu</strong></span> <span class='ocrx_word' id='word_1_262' title='bbox 1861 3098 2023 3185; x_wconf 90' lang='lat' dir='ltr'><strong>ipsis</strong></span> <span class='ocrx_word' id='word_1_263' title='bbox 2076 3094 2164 3162; x_wconf 88' lang='lat' dir='ltr'><strong>ad</strong></span> <span class='ocrx_word' id='word_1_264' title='bbox 2216 3097 2578 3185; x_wconf 88' lang='lat' dir='ltr'><strong>possessio-</strong></span> 
     </span>
    </p>
   </div>
   <div class='ocr_carea' id='block_1_3' title="bbox 225 3184 2578 3371">
    <p class='ocr_par' dir='ltr' id='par_1_6' title="bbox 225 3184 2578 3371">
     <span class='ocr_line' id='line_1_34' title="bbox 225 3184 1028 3253; baseline 0.002 -6"><span class='ocrx_word' id='word_1_265' title='bbox 225 3204 327 3249; x_wconf 88' lang='lat' dir='ltr'><strong>nes</strong></span> <span class='ocrx_word' id='word_1_266' title='bbox 366 3184 631 3253; x_wconf 85' lang='lat' dir='ltr'><strong>easdem</strong></span> <span class='ocrx_word' id='word_1_267' title='bbox 674 3195 1028 3251; x_wconf 78' lang='lat' dir='ltr'><strong>reservato·</strong></span> 
     </span>
     <span class='ocr_line' id='line_1_35' title="bbox 375 3266 2578 3371; baseline -0.003 -35"><span class='ocrx_word' id='word_1_268' title='bbox 375 3271 461 3336; x_wconf 83' lang='lat' dir='ltr'><strong>Et</strong></span> <span class='ocrx_word' id='word_1_269' title='bbox 503 3280 580 3336; x_wconf 91' lang='lat' dir='ltr'><strong>ut</strong></span> <span class='ocrx_word' id='word_1_270' title='bbox 625 3292 935 3371; x_wconf 69' lang='lat' dir='ltr'><strong>expresse</strong></span> <span class='ocrx_word' id='word_1_271' title='bbox 981 3276 1313 3355; x_wconf 83' lang='lat' dir='ltr'><strong>appareat,</strong></span> <span class='ocrx_word' id='word_1_272' title='bbox 1368 3270 1635 3333; x_wconf 89' lang='lat' dir='ltr'><strong>eosdem</strong></span> <span class='ocrx_word' id='word_1_273' title='bbox 1681 3288 1798 3355; x_wconf 89' lang='lat' dir='ltr'><strong>per</strong></span> <span class='ocrx_word' id='word_1_274' title='bbox 1841 3288 1962 3332; x_wconf 90' lang='lat' dir='ltr'><strong>nos</strong></span> <span class='ocrx_word' id='word_1_275' title='bbox 2020 3268 2090 3331; x_wconf 90' lang='lat' dir='ltr'><strong>in</strong></span> <span class='ocrx_word' id='word_1_276' title='bbox 2151 3288 2274 3331; x_wconf 89' lang='lat' dir='ltr'><strong>sua</strong></span> <span class='ocrx_word' id='word_1_277' title='bbox 2327 3266 2578 3332; x_wconf 86' lang='lat' dir='ltr'><strong>malitia</strong></span> 
     </span>
    </p>
   </div>
   <div class='ocr_carea' id='block_1_4' title="bbox 224 3350 2580 4217">
    <p class='ocr_par' dir='ltr' id='par_1_7' title="bbox 224 3350 2580 3702">
     <span class='ocr_line' id='line_1_36' title="bbox 224 3350 2578 3443; baseline -0.001 -25"><span class='ocrx_word' id='word_1_278' title='bbox 224 3374 341 3419; x_wconf 89' lang='lat' dir='ltr'><strong>non</strong></span> <span class='ocrx_word' id='word_1_279' title='bbox 379 3356 605 3438; x_wconf 83' lang='lat' dir='ltr'><strong>foveri,</strong></span> <span class='ocrx_word' id='word_1_280' title='bbox 648 3378 831 3443; x_wconf 71' lang='lat' dir='ltr'><strong>ipsos</strong></span> <span class='ocrx_word' id='word_1_281' title='bbox 874 3357 971 3423; x_wconf 88' lang='lat' dir='ltr'><strong>sic</strong></span> <span class='ocrx_word' id='word_1_282' title='bbox 1012 3358 1307 3443; x_wconf 82' lang='lat' dir='ltr'><strong>privatos</strong></span> <span class='ocrx_word' id='word_1_283' title='bbox 1351 3355 1705 3441; x_wconf 84' lang='lat' dir='ltr'><strong>praedictis</strong></span> <span class='ocrx_word' id='word_1_284' title='bbox 1730 3351 2256 3440; x_wconf 89' lang='lat' dir='ltr'><strong>possessionibus</strong></span> <span class='ocrx_word' id='word_1_285' title='bbox 2283 3350 2578 3417; x_wconf 86' lang='lat' dir='ltr'><strong>ubicum—</strong></span> 
     </span>
     <span class='ocr_line' id='line_1_37' title="bbox 226 3439 2580 3527; baseline -0.001 -22"><span class='ocrx_word' id='word_1_286' title='bbox 226 3459 337 3525; x_wconf 86' lang='lat' dir='ltr'><strong>que</strong></span> <span class='ocrx_word' id='word_1_287' title='bbox 374 3464 415 3508; x_wconf 84' lang='lat' dir='ltr'><strong>a</strong></span> <span class='ocrx_word' id='word_1_288' title='bbox 455 3443 651 3509; x_wconf 88' lang='lat' dir='ltr'><strong>nobis</strong></span> <span class='ocrx_word' id='word_1_289' title='bbox 698 3444 869 3509; x_wconf 89' lang='lat' dir='ltr'><strong>datis</strong></span> <span class='ocrx_word' id='word_1_290' title='bbox 914 3451 979 3507; x_wconf 89' lang='lat' dir='ltr'><strong>et</strong></span> <span class='ocrx_word' id='word_1_291' title='bbox 1022 3442 1351 3509; x_wconf 88' lang='lat' dir='ltr'><strong>concessis</strong></span> <span class='ocrx_word' id='word_1_292' title='bbox 1398 3441 1480 3506; x_wconf 92' lang='lat' dir='ltr'><strong>de</strong></span> <span class='ocrx_word' id='word_1_293' title='bbox 1524 3441 1714 3527; x_wconf 86' lang='lat' dir='ltr'><strong>regni</strong></span> <span class='ocrx_word' id='word_1_294' title='bbox 1739 3450 1806 3505; x_wconf 93' lang='lat' dir='ltr'><strong>et</strong></span> <span class='ocrx_word' id='word_1_295' title='bbox 1829 3439 2185 3505; x_wconf 87' lang='lat' dir='ltr'><strong>ducatuum</strong></span> <span class='ocrx_word' id='word_1_296' title='bbox 2207 3446 2580 3503; x_wconf 89' lang='lat' dir='ltr'><strong>nostrorum</strong></span> 
     </span>
     <span class='ocr_line' id='line_1_38' title="bbox 224 3522 2580 3616; baseline -0.001 -25"><span class='ocrx_word' id='word_1_297' title='bbox 224 3532 651 3616; x_wconf 81' lang='lat' dir='ltr'><strong>terrarumque</strong></span> <span class='ocrx_word' id='word_1_298' title='bbox 696 3527 889 3595; x_wconf 89' lang='lat' dir='ltr'><strong>nobis</strong></span> <span class='ocrx_word' id='word_1_299' title='bbox 932 3526 1429 3593; x_wconf 88' lang='lat' dir='ltr'><strong>adhaerentium</strong></span> <span class='ocrx_word' id='word_1_300' title='bbox 1474 3528 1769 3613; x_wconf 84' lang='lat' dir='ltr'><strong>partibus</strong></span> <span class='ocrx_word' id='word_1_301' title='bbox 1809 3525 2162 3591; x_wconf 84' lang='lat' dir='ltr'><strong>excludere</strong></span> <span class='ocrx_word' id='word_1_302' title='bbox 2185 3522 2580 3609; x_wconf 88' lang='lat' dir='ltr'><strong>tenebimur,</strong></span> 
     </span>
     <span class='ocr_line' id='line_1_39' title="bbox 225 3614 2568 3702; baseline 0 -27"><span class='ocrx_word' id='word_1_303' title='bbox 225 3619 427 3699; x_wconf 85' lang='lat' dir='ltr'><strong>utpote</strong></span> <span class='ocrx_word' id='word_1_304' title='bbox 469 3616 652 3702; x_wconf 87' lang='lat' dir='ltr'><strong>pacis</strong></span> <span class='ocrx_word' id='word_1_305' title='bbox 696 3614 1109 3681; x_wconf 85' lang='lat' dir='ltr'><strong>necessariae</strong></span> <span class='ocrx_word' id='word_1_306' title='bbox 1152 3614 1545 3679; x_wconf 83' lang='lat' dir='ltr'><strong>turbatores.</strong></span> <span class='ocrx_word' id='word_1_307' title='bbox 2359 3680 2364 3683; x_wconf 76' lang='grc'><strong>,</strong></span> <span class='ocrx_word' id='word_1_308' title='bbox 2564 3686 2568 3689; x_wconf 42' lang='grc'><strong>,</strong></span> 
     </span>
    </p>

    <p class='ocr_par' dir='ltr' id='par_1_8' title="bbox 225 3692 2579 4217">
     <span class='ocr_line' id='line_1_40' title="bbox 378 3692 2579 3789; baseline -0.004 -24"><span class='ocrx_word' id='word_1_309' title='bbox 378 3701 685 3766; x_wconf 87' lang='lat' dir='ltr'><strong>Promisit</strong></span> <span class='ocrx_word' id='word_1_310' title='bbox 728 3702 923 3767; x_wconf 83' lang='lat' dir='ltr'><strong>etiam</strong></span> <span class='ocrx_word' id='word_1_311' title='bbox 968 3723 1090 3767; x_wconf 85' lang='lat' dir='ltr'><strong>rex</strong></span> <span class='ocrx_word' id='word_1_312' title='bbox 1116 3699 1491 3789; x_wconf 84' lang='lat' dir='ltr'><strong>Stephanus</strong></span> <span class='ocrx_word' id='word_1_313' title='bbox 1534 3719 1646 3764; x_wconf 89' lang='lat' dir='ltr'><strong>sae</strong></span> <span class='ocrx_word' id='word_1_314' title='bbox 1697 3697 1950 3764; x_wconf 87' lang='lat' dir='ltr'><strong>edictus</strong></span> <span class='ocrx_word' id='word_1_315' title='bbox 1997 3693 2359 3762; x_wconf 88' lang='lat' dir='ltr'><strong>secundum</strong></span> <span class='ocrx_word' id='word_1_316' title='bbox 2407 3692 2579 3758; x_wconf 80' lang='lat' dir='ltr'><strong>ordi·</strong></span> 
     </span>
     <span class='ocr_line' id='line_1_41' title="bbox 225 3782 2577 3872; baseline -0.001 -25"><span class='ocrx_word' id='word_1_317' title='bbox 225 3785 531 3851; x_wconf 86' lang='lat' dir='ltr'><strong>nationem</strong></span> <span class='ocrx_word' id='word_1_318' title='bbox 575 3787 1059 3872; x_wconf 85' lang='lat' dir='ltr'><strong>praedictorum</strong></span> <span class='ocrx_word' id='word_1_319' title='bbox 1105 3786 1449 3867; x_wconf 84' lang='lat' dir='ltr'><strong>baronum,</strong></span> <span class='ocrx_word' id='word_1_320' title='bbox 1542 3806 1625 3849; x_wconf 90' lang='lat' dir='ltr'><strong>uo</strong></span> <span class='ocrx_word' id='word_1_321' title='bbox 1719 3782 1904 3869; x_wconf 91' lang='lat' dir='ltr'><strong>(non)</strong></span> <span class='ocrx_word' id='word_1_322' title='bbox 1967 3784 2101 3849; x_wconf 87' lang='lat' dir='ltr'><strong>reci</strong></span> <span class='ocrx_word' id='word_1_323' title='bbox 2149 3782 2240 3846; x_wconf 87' lang='lat' dir='ltr'><strong>iet</strong></span> <span class='ocrx_word' id='word_1_324' title='bbox 2296 3783 2365 3845; x_wconf 88' lang='lat' dir='ltr'><strong>in</strong></span> <span class='ocrx_word' id='word_1_325' title='bbox 2505 3802 2577 3845; x_wconf 64' lang='lat' dir='ltr'><strong>as·-</strong></span> 
     </span>
     <span class='ocr_line' id='line_1_42' title="bbox 226 3868 2576 3956; baseline -0.002 -21"><span class='ocrx_word' id='word_1_326' title='bbox 226 3870 361 3935; x_wconf 77' lang='lat' dir='ltr'><strong>tiam</strong></span> <span class='ocrx_word' id='word_1_327' title='bbox 402 3894 584 3939; x_wconf 87' lang='lat' dir='ltr'><strong>suam</strong></span> <span class='ocrx_word' id='word_1_328' title='bbox 631 3870 1013 3955; x_wconf 86' lang='lat' dir='ltr'><strong>Henrieum,</strong></span> <span class='ocrx_word' id='word_1_329' title='bbox 1058 3872 1453 3954; x_wconf 87' lang='lat' dir='ltr'><strong>Johannem,</strong></span> <span class='ocrx_word' id='word_1_330' title='bbox 1549 3868 1906 3956; x_wconf 88' lang='lat' dir='ltr'><strong>tephanum</strong></span> <span class='ocrx_word' id='word_1_331' title='bbox 1951 3868 2116 3933; x_wconf 87' lang='lat' dir='ltr'><strong>Nico</strong></span> <span class='ocrx_word' id='word_1_332' title='bbox 2145 3888 2297 3932; x_wconf 87' lang='lat' dir='ltr'><strong>aum</strong></span> <span class='ocrx_word' id='word_1_333' title='bbox 2323 3875 2386 3932; x_wconf 89' lang='lat' dir='ltr'><strong>et</strong></span> <span class='ocrx_word' id='word_1_334' title='bbox 2463 3888 2576 3931; x_wconf 81' lang='lat' dir='ltr'><strong>au·</strong></span> 
     </span>
     <span class='ocr_line' id='line_1_43' title="bbox 226 3952 2576 4041; baseline 0.001 -23"><span class='ocrx_word' id='word_1_335' title='bbox 226 3959 479 4024; x_wconf 87' lang='lat' dir='ltr'><strong>rentium</strong></span> <span class='ocrx_word' id='word_1_336' title='bbox 526 3958 735 4023; x_wconf 87' lang='lat' dir='ltr'><strong>filium</strong></span> <span class='ocrx_word' id='word_1_337' title='bbox 780 3960 956 4025; x_wconf 87' lang='lat' dir='ltr'><strong>Petri</strong></span> <span class='ocrx_word' id='word_1_338' title='bbox 1002 3980 1081 4024; x_wconf 88' lang='lat' dir='ltr'><strong>ac</strong></span> <span class='ocrx_word' id='word_1_339' title='bbox 1126 3981 1270 4024; x_wconf 93' lang='lat' dir='ltr'><strong>com</strong></span> <span class='ocrx_word' id='word_1_340' title='bbox 1318 3956 1480 4023; x_wconf 86' lang='lat' dir='ltr'><strong>lices</strong></span> <span class='ocrx_word' id='word_1_341' title='bbox 1548 3956 1907 4024; x_wconf 86' lang='lat' dir='ltr'><strong>eorundem</strong></span> <span class='ocrx_word' id='word_1_342' title='bbox 1967 3952 2380 4041; x_wconf 82' lang='lat' dir='ltr'><strong>supradictos</strong></span> <span class='ocrx_word' id='word_1_343' title='bbox 2417 3974 2576 4035; x_wconf 78' lang='lat' dir='ltr'><strong>eum</strong></span> 
     </span>
     <span class='ocr_line' id='line_1_44' title="bbox 230 4040 2578 4110; baseline 0 -6"><span class='ocrx_word' id='word_1_344' title='bbox 230 4045 435 4109; x_wconf 82' lang='lat' dir='ltr'><strong>eastris</strong></span> <span class='ocrx_word' id='word_1_345' title='bbox 476 4053 544 4110; x_wconf 89' lang='lat' dir='ltr'><strong>et</strong></span> <span class='ocrx_word' id='word_1_346' title='bbox 588 4043 1065 4110; x_wconf 89' lang='lat' dir='ltr'><strong>munitionibus</strong></span> <span class='ocrx_word' id='word_1_347' title='bbox 1110 4067 1149 4109; x_wconf 88' lang='lat' dir='ltr'><strong>a</strong></span> <span class='ocrx_word' id='word_1_348' title='bbox 1194 4066 1278 4109; x_wconf 89' lang='lat' dir='ltr'><strong>no</strong></span> <span class='ocrx_word' id='word_1_349' title='bbox 1327 4045 1384 4109; x_wconf 91' lang='lat' dir='ltr'><strong>is</strong></span> <span class='ocrx_word' id='word_1_350' title='bbox 1431 4042 1674 4109; x_wconf 88' lang='lat' dir='ltr'><strong>eisdem</strong></span> <span class='ocrx_word' id='word_1_351' title='bbox 1720 4042 1984 4107; x_wconf 89' lang='lat' dir='ltr'><strong>traditis</strong></span> <span class='ocrx_word' id='word_1_352' title='bbox 2029 4048 2095 4107; x_wconf 89' lang='lat' dir='ltr'><strong>et</strong></span> <span class='ocrx_word' id='word_1_353' title='bbox 2140 4040 2471 4107; x_wconf 88' lang='lat' dir='ltr'><strong>concessis</strong></span> <span class='ocrx_word' id='word_1_354' title='bbox 2507 4040 2578 4105; x_wconf 90' lang='lat' dir='ltr'><strong>in</strong></span> 
     </span>
     <span class='ocr_line' id='line_1_45' title="bbox 228 4125 2188 4217; baseline -0.001 -25"><span class='ocrx_word' id='word_1_355' title='bbox 228 4146 407 4211; x_wconf 83' lang='lat' dir='ltr'><strong>regno</strong></span> <span class='ocrx_word' id='word_1_356' title='bbox 446 4139 511 4197; x_wconf 90' lang='lat' dir='ltr'><strong>et</strong></span> <span class='ocrx_word' id='word_1_357' title='bbox 556 4132 751 4199; x_wconf 88' lang='lat' dir='ltr'><strong>terris</strong></span> <span class='ocrx_word' id='word_1_358' title='bbox 792 4132 1035 4199; x_wconf 83' lang='lat' dir='ltr'><strong>nostris</strong></span> <span class='ocrx_word' id='word_1_359' title='bbox 1080 4129 1191 4199; x_wconf 81' lang='lat' dir='ltr'><strong>vel</strong></span> <span class='ocrx_word' id='word_1_360' title='bbox 1234 4131 1305 4197; x_wconf 87' lang='lat' dir='ltr'><strong>in</strong></span> <span class='ocrx_word' id='word_1_361' title='bbox 1348 4138 1684 4217; x_wconf 85' lang='lat' dir='ltr'><strong>posterum</strong></span> <span class='ocrx_word' id='word_1_362' title='bbox 1730 4125 2188 4195; x_wconf 83' lang='lat' dir='ltr'><strong>concedendis.</strong></span> 
     </span>
    </p>
   </div>
   <div class='ocr_carea' id='block_1_5' title="bbox 3075 2390 3078 3097">
    <p class='ocr_par' dir='ltr' id='par_1_9' title="bbox 3075 2390 3078 3097">
     <span class='ocr_line' id='line_1_46' title="bbox 3075 2390 3078 3097; baseline 0 0"><span class='ocrx_word' id='word_1_363' title='bbox 3075 2390 3078 3097; x_wconf 95' lang='lat' dir='ltr'><strong> </strong></span> 
     </span>
    </p>
   </div>
  </div>
 </body>
</html>
