3150 5017
1405 193 1840 333 ...jo-..-

606 425 822 514 (VH.)
869 433 1124 518 Quodsi
1171 433 1308 500 dux
1352 434 1665 502 Poloniae
1732 441 2003 502 vocatus
2062 434 2443 519 accesserit,
2502 433 2631 522 ipsi
2672 432 2801 502 sibi

433 505 740 612 dqcatum
765 529 1102 609 praestare
1129 517 1462 603 debeant?
1478 524 1648 588 sicut
1681 531 2125 589 antecessores
2162 522 2265 587 sui
2288 518 2617 608 quondam
2640 521 2800 588 Boe·

432 616 604 662 miae
647 619 834 692 reges
880 608 1099 673 facere
1143 617 1647 673 consueverunt.

606 707 850 797 (VHI.)
897 711 1008 777 Sic
1073 717 1329 792 tamen,
1395 720 1468 777 ut
1529 711 1813 797 spatium
1876 731 1997 775 sex
2054 707 2567 776 ebdomadarum
2623 711 2802 776 veni-
2922 715 2935 726 '

437 789 591 858 endi
634 793 721 858 ad
764 796 1136 882 praedictas
1181 796 1395 862 curias
1441 798 1535 862 eis
1579 805 1734 862 ante
1780 797 2194 882 praefigatur.

606 895 784 980 (IX.)
831 899 1032 966 Salvo
1075 906 1314 982 tamen,
1361 899 1597 986 quodsi
1641 919 1763 963 nos
1808 899 1915 964 vel
1960 918 2368 965 successores
2400 905 2657 963 nostros
2679 897 2805 963 Ro-

431 1001 578 1046 mae
621 987 921 1050 coronari
969 987 1332 1070 contigerit,
1378 987 1586 1072 ipsius
1610 985 1928 1071 praedicti
1948 987 2121 1069 regis
2142 984 2482 1051 Ottachari
2508 984 2612 1049 vel
2638 1005 2785 1050 suc·

429 1085 764 1134 cessurum
809 1091 1076 1136 suorum
1106 1149 1112 1158 ι
1137 1069 1570 1158 relinquimus
1632 1069 1905 1137 arbitrio
1924 1119 1942 1154 ‚
2000 1079 2223 1136 utrum
2288 1071 2414 1156 ipsi
2472 1079 2799 1137 trecentos

427 1163 716 1222 armatos
758 1156 952 1222 nobis
993 1157 1443 1224 transmittant
1463 1205 1482 1240 ,
1527 1155 1636 1222 vel
1678 1165 2004 1224 trecentas
2050 1155 2350 1222 marchas
2394 1158 2793 1242 persolvant.

603 1257 712 1322 Ad
755 1259 952 1348 huJus
993 1270 1214 1327 autem
1280 1260 1771 1326 constitutionis
1838 1267 1905 1326 et
1969 1259 2480 1325 confirmationis
2538 1267 2804 1324 nostrae

429 1345 812 1410 memoriam
879 1357 946 1412 et
985 1347 1190 1412 robur
1281 1353 1550 1430 erpetuo
1616 1346 1969 1411 valiturum
2023 1367 2334 1432 praesens
2377 1344 2797 1432 privilegium

428 1451 550 1516 per
591 1451 825 1496 manus
867 1433 1166 1498 Heinriei
1257 1453 1293 1498 e
1337 1431 1647 1512 Parisius,
1690 1432 1926 1498 notarii
1972 1440 2037 1496 et
2079 1431 2291 1497 fidelis
2336 1433 2562 1516 nostri,
2608 1431 2803 1496 scribi

433 1523 500 1582 et
541 1514 726 1581 bulla
769 1527 996 1583 nostra
1038 1539 1240 1582 aurea
1287 1517 1613 1604 jussimus
1673 1518 2081 1582 communiri.
2168 1517 2398 1594 Anno,
2455 1539 2682 1584 mense
2740 1525 2805 1584 et

431 1599 792 1668 indictione
835 1603 1240 1688 subscriptis.

603 1687 826 1772 Hujus
871 1689 968 1754 rei
1011 1697 1208 1754 testes
1255 1696 1408 1754 sunt
1447 1682 1589 1754 isti':
1635 1688 2189 1777 Archiepiscopus
2246 1689 2587 1772 Bai-ensis,
2652 1690 2787 1774 epi-

432 1792 678 1858 scopus
721 1773 1164 1858 Tridentinus,
1209 1775 1554 1861 episeopus
1602 1775 2022 1857 Basiliensis,
2082 1777 2429 1861 episcopus
2490 1776 2806 1842 Constan-

405 1858 682 1941 'tiensisj
751 1862 1096 1947 episcopus
1173 1861 1524 1942 CuriensiS,
1593 1859 1799 1927 abbas
1866 1862 2231 1947 Augensis,
2306 1861 2513 1926 abbas
2578 1861 2806 1928 Sancti

434 1942 634 2026 Galli,
679 1943 886 2012 abbas
930 1947 1011 2012 de
1053 1945 1427 2023 Wiceburc,
1469 1947 1822 2015 Bertoldus
1868 1947 1949 2013 de
1994 1946 2254 2034 Nifphe‚
2297 1947 2539 2032 regalis
2586 1949 2807 2012 curiae

432 2030 982 2118 prothonotarius‚
1030 2054 1250 2099 comes
1293 2033 1558 2099 Ulricus
1628 2033 1707 2099 de
1776 2033 2084 2116 Ohibnrc,
2145 2055 2361 2098 comes
2416 2032 2806 2120 Rudolphus

436 2116 518 2181 de
559 2115 1075 2186 Habechesburc
1121 2130 1188 2186 et
1253 2119 1687 2204 landgrauius
1755 2119 1836 2184 de
1904 2119 2189 2201 Alsaeia‚
2256 2120 2526 2185 comites
2569 2119 2806 2183 Lodui·

407 2223 550 2268 cus
619 2211 685 2270 et
744 2205 1120 2272 Hermanus
1181 2207 1262 2272 de
1314 2204 1631 2284 Probum,
1698 2225 1915 2269 comes
1973 2204 2340 2277 Warnerus,
2400 2205 2481 2270 de
2532 2205 2803 2270 Hoheu-

434 2287 634 2372 burc,
700 2289 1038 2355 Arnoldus
1106 2291 1346 2356 nobilis
1413 2289 1497 2355 de
1553 2289 1781 2374 Wart,
1846 2290 2233 2378 Rodulphus
2300 2293 2657 2357 advocatus
2724 2291 2809 2356 de

434 2374 1078 2461 Rapehteshiwilare,
1121 2375 1508 2463 Rodulphus
1555 2375 1639 2441 de
1681 2376 2143 2459 Ramensbero‚
2190 2376 2433 2443 Albero
2500 2376 2583 2444 de
2640 2376 2811 2442 Tha·

433 2459 682 2526 nehuse
749 2464 1146 2528 camerarius
1211 2462 1277 2528 et
1333 2462 1447 2527 alii
1557 2483 1709 2527 uam
1768 2462 1989 2549 plures
2054 2471 2386 2548 magnates
2451 2471 2517 2529 et
2558 2461 2815 2529 nobiles

436 2553 504 2694 gt
548 2544 758 2629 liberi,
804 2566 1080 2635 quorum
1122 2549 1497 2616 testimonio
1590 2569 1666 2614 oc
1708 2549 2125 2636 privilegium
2171 2558 2427 2616 constat
2472 2571 2615 2616 esse
2660 2569 2809 2614 con-

483 2641 786 2700 rmatum.

612 2719 784 2784 Acta
851 2727 1006 2785 sunt
1065 2719 1190 2786 boc
1248 2741 1422 2788 anno
1484 2720 1849 2794 dominicae
1914 2722 2385 2788 incarnationis
2449 2720 2801 2787 Millesimo

438 2802 883 2872 ducentesimo
944 2806 1330 2874 duodecimo
1349 2857 1364 2888 ‚
1440 2809 1687 2872 mensis
1746 2807 2183 2895 Septembris,
2289 2805 2809 2872 uintaedecimae

437 2888 837 2976 indictionis,
882 2894 1069 2978 regni
1111 2915 1267 2960 vero
1312 2893 1561 2959 domini
1604 2895 1814 2959 nostri
1855 2892 2177 2959 Friderici
2219 2893 2268 2959 il
2299 2895 2645 2958 ustrissimi
2676 2894 2805 2957 Ro-

435 2997 782 3129 manongm
838 2980 1250 3066 imperatoris
1283 2978 1500 3048 'electi
1559 2988 1625 3044 et
1666 3001 1925 3067 semper
1981 2981 2275 3066 augusti,
2318 2979 2495 3070 regis
2538 2979 2806 3046 Siciliae

483 3063 668 3128 uinto
717 3066 944 3131 ecimo.

439 3083 482 3149 q
611 3151 860 3216 Datum
905 3153 976 3216 in
1020 3150 1228 3217 nobili
1271 3152 1536 3217 civitate
1577 3151 1931 3218 Basiliensi
1974 3174 2093 3238 per
2135 3171 2369 3218 manus
2414 3150 2622 3220 Ulrici
2658 3171 2804 3238 pro-

441 3232 795 3302 thonotarii
837 3237 950 3304 VI.
997 3236 1335 3304 Kalendas
1382 3236 1689 3305 Octobris
1733 3237 2029 3305 feliciter.
2076 3237 2309 3304 Amen.

1579 3533 1683 3598 25.

438 3686 914 3771 Donationes
967 3686 1150 3790 regi
1177 3685 1589 3798 Bohemiae
1642 3708 1693 3768 a.
1742 3683 2147 3769 Friderico
2182 3654 2811 3792 11.1mp.faotae.

1354 3841 1541 3906 1212.
1585 3839 1690 3905 26.
1736 3838 1914 3926 Sept.

647 3997 860 4048 Praeter
882 3997 1012 4062 jura
1047 4001 1100 4050 et
1132 3995 1416 4063 privilegia
1438 3996 1497 4046 in
1521 3997 1884 4062 superioribus
1904 3997 2073 4050 literis
2097 3996 2392 4063 perscripta⁴
2407 3997 2713 4049 ‚Fridericus
2732 3997 2809 4051 11.

439 4079 618 4132 regom
652 4064 940 4121 Bohemiae
973 4066 1180 4134 aliquot
1213 4065 1400 4118 castris
1434 4069 1488 4116 st
1519 4066 1824 4132 regionibus
1856 4066 2149 4120 Bohemiae
2180 4065 2479 4119 confinibus
2506 4067 2742 4118 donavit.

645 4133 858 4187 Literae
891 4135 1255 4202 autographae
1289 4133 1420 4186 olim
1453 4135 1593 4186 inter
1626 4135 1915 4188 Bohemiae
1948 4135 2230 4202 privilegia
2274 4137 2334 4185 in
2368 4149 2491 4186 arce
2536 4135 2808 4188 Karlstein

438 4202 746 4272 custoditae,
780 4219 924 4256 nunc
957 4207 1016 4256 in
1051 4204 1267 4256 archivo
1302 4219 1350 4256 c.
1384 4219 1427 4255 r.
1465 4205 1641 4256 aulico
1678 4205 2029 4258 vindobonae
2064 4209 2422 4260 asservantur.
