3150 5017
1244 269 1715 340 -241—

286 441 475 526 burg,
516 439 787 508 Heneco
848 437 933 506 de
976 439 1179 506 Duba
1236 448 1303 506 et
1347 441 1734 509 Ranouldus
1795 443 1878 510 de
1942 444 2260 531 Nymans,
2317 468 2422 513 me
2467 469 2544 513 su
2595 469 2665 515 er

283 550 363 593 eo
408 549 591 680 effi}
611 527 947 592 dominum
1008 548 1232 612 regem
1292 528 1511 594 facere
1571 531 1916 615 jusserint,
1978 531 2214 598 faciam
2277 542 2344 599 et
2403 543 2562 600 tene>
2606 558 2662 601 o.

592 614 705 680 VI.
753 614 1139 680 Praemissis
1164 635 1423 702 quoque
1470 613 1834 701 completis,
1877 615 1958 682 de
1985 627 2346 684 castrorum
2392 641 2510 706 per
2554 642 2661 686 me

283 700 549 766 domino
608 702 767 786 regi,
829 708 895 766 et
955 721 1072 786 per
1129 702 1349 788 ipsum
1408 701 1748 767 dominum
1825 724 2048 789 regem
2111 705 2270 769 mihi
2315 707 2659 792 assignan-

280 785 533 868 dornm,
579 787 926 874 privilegia
948 787 1285 852 hincinde
1331 788 1483 854 data
1506 791 1896 876 praesentia,
1941 793 2300 877 amputatis
2337 791 2447 862 ‚his
2493 815 2664 880 quae

278 874 359 940 de
400 873 929 960 fidejussoribus,
992 873 1509 960 obligationibus
1569 884 1636 941 et
1679 876 1830 942 aliis
1891 878 2242 964 superfluis
2289 878 2469 945 dicta
2509 891 2664 956 sunt

282 969 346 1026 et
388 963 645 1026 conscri
692 970 781 1043 ta,
827 960 1133 1026 volumus
1178 963 1503 1027 renovari.
2461 1003 2468 1010 -

447 1045 589 1112 XX
724 1095 738 1113 .
783 1046 1126 1113 Praedicta
1169 1069 1428 1136 quoque
1474 1050 1697 1115 omnia
1742 1057 1810 1113 et
1853 1051 2114 1135 singula
2159 1053 2462 1140 promisit
2506 1053 2650 1138 ipse

280 1131 585 1199 dominus
627 1155 747 1199 rex
790 1142 1015 1200 tenere
1080 1141 1145 1200 et
1187 1133 1529 1220 adinplere
1590 1135 1768 1201 bona
1811 1137 1962 1218 fide,
2033 1139 2200 1203 sicut
2247 1159 2361 1227 per
2407 1161 2512 1204 me
2559 1161 2656 1220 ea,

281 1239 448 1306 quae
494 1219 626 1284 sibi
673 1221 1107 1305 promisimus,
1156 1217 1401 1286 fuerint
1446 1220 1806 1310 adinpleta.
2053 1248 2060 1257 ·
2256 1236 2262 1247 ·

446 1306 530 1372 In
578 1327 849 1393 quorum
876 1308 1167 1373 omnium
1190 1309 1641 1374 testimonium
1665 1317 1730 1373 et
1753 1309 1953 1374 robur
1982 1320 2368 1396 praesentes
2414 1312 2656 1377 exinde

275 1391 409 1457 fieri
456 1391 737 1460 fecimus
782 1393 1026 1475 literas,
1072 1401 1137 1459 et
1180 1415 1293 1459 eas
1338 1415 1481 1459 meo
1529 1403 1846 1461 consueto
1879 1396 2096 1482 sigillo
2143 1397 2464 1483 sigillatas
2509 1400 2653 1485 ipse

276 1479 543 1546 domino
588 1481 727 1568 regi
772 1479 1015 1546 tradidi
1062 1481 1146 1545 ad
1194 1480 1543 1548 cautelam.'
2217 1487 2222 1494 ’
2259 1489 2290 1544 .“

438 1567 685 1633 Actum
734 1575 797 1633 et
845 1567 1068 1632 datum
1114 1567 1366 1653 Pragae
1410 1589 1585 1634 anno
1649 1567 1897 1634 domini
1941 1569 2393 1638 MOOLXXX
2453 1591 2652 1654 nono,

272 1661 501 1719 octavo
548 1652 706 1720 Idus
749 1653 1114 1730 Februarii,
1161 1653 1534 1721 Indictione
1583 1654 1892 1721 secunda.
2631 1727 2639 1734 ‚

1407 1985 1512 2052 82.

267 2121 586 2206 Literae
655 2116 969 2205 Rudolfi
1046 2119 1271 2228 regis
1344 2119 1439 2206 de
1512 2119 1765 2206 officio
1821 2121 2336 2228 pincernatus
2411 2131 2496 2210 et
2547 2124 2642 2210 de

436 2228 624 2332 jure
676 2225 1090 2311 electorali
1142 2225 1473 2332 regibus
1529 2226 1886 2310 Boemiae
1941 2232 2448 2333 competente.

1191 2367 1376 2449 1289,
1418 2367 1481 2432 4.
1528 2365 1736 2434 Marc.

463 2541 647 2603 Quum
681 2539 1061 2606 ambigeretur,
1098 2553 1227 2590 num
1260 2539 1515 2592 Boemiae
1547 2552 1703 2606 'reges
1736 2540 2023 2606 pincernae
2058 2539 2274 2606 Imperii
2296 2528 2637 2599 existimandi

264 2615 435 2661 essent
470 2618 637 2676 atque
667 2609 725 2659 id
760 2607 903 2674 quod
935 2623 1057 2659 cum
1101 2608 1198 2660 illa
1250 2609 1513 2676 dignitate
1546 2615 1664 2661 erat
1698 2608 2058 2674 conjunctum,
2117 2611 2303 2661 eodem
2339 2626 2446 2676 quo
2479 2613 2642 2664 ceteri

265 2680 520 2730 electores
549 2679 687 2744 jure,
721 2693 901 2744 regem
936 2679 1241 2730 Romanum
1275 2679 1509 2746 deligere
1541 2684 1773 2746 possent,
1816 2677 2133 2746 liudolphus
2165 2695 2259 2732 rex
2294 2680 2464 2732 literis
2497 2697 2643 2736 anno

266 2751 395 2802 1289
430 2748 577 2800 datis
610 2747 1031 2800 controversiam
1064 2747 1355 2805 secundum
1390 2750 1622 2802 Boemos
1657 2747 1988 2814 dijudicavit.

468 2817 677 2880 Quodsi
732 2816 961 2880 „Auctor
1008 2823 1160 2870 vetus
1206 2815 1272 2868 de
1318 2817 1642 2882 beneficiis‚“
1696 2817 1788 2882 qui
1837 2817 1992 2868 initio
2043 2817 2246 2868 saeculi
2301 2815 2454 2869 XIII.
2489 2820 2638 2884 vixit,

264 2886 463 2952 aliquid
505 2887 837 2938 auctoritatis
871 2884 1057 2953 habet,
1089 2885 1231 2952 apud
1267 2901 1425 2950 quem
1461 2886 1682 2952 legiturt
1735 2885 1844 2936 Rex
1897 2900 2053 2951 quem
2100 2887 2308 2952 eligunt
2343 2887 2639 2951 Teutonici,

263 2971 381 3008 cum
415 2957 643 3008 Romam
678 2955 826 3007 vadit
868 2956 1123 3017 ordinari,
1168 2969 1351 3006 secum
1398 2956 1555 3007 ibunt
1605 2955 1674 3006 de
1720 2955 1842 3019 jure
1887 2970 1980 3006 sex
2027 2956 2296 3021 principes
2343 2957 2437 3022 qui
2483 2957 2640 3022 primi

262 3031 383 3077 sunt
413 3027 476 3076 in
514 3024 631 3090 ejus
654 3025 942 3088 electione,
977 3031 1037 3096 ut
1070 3029 1253 3090 pateat
1284 3025 1594 3091 Apostolico
1627 3024 1774 3090 reg-is
1801 3024 1951 3088 justa
1985 3023 2177 3076 electio
2209 3025 2350 3091 (cap.
2371 3025 2417 3079 1.
2443 3027 2493 3088 §-
2513 3024 2640 3090 12),

261 3093 1320 3229 aruamutarerunt}
1347 3097 1569 3215 <cet
1592 3093 2410 3228 §··31;{12⁶33¹¹23”;33„22‘3222,
2428 3094 2644 3214 δεῖξε

1589 3201 1604 3229 2

262 3232 1826 3370 {ffffiae‘zsr‘ffJtffiB-”zt„zsszszizffssffluzt‘'120‘ss
1859 3230 2639 3368 152222011530232333232

264 3371 491 3440 fuerunt,
526 3373 666 3423 iuter
700 3386 835 3437 quos
870 3373 1116 3439 princeps
1153 3373 1409 3424 Boemiae
1444 3370 1810 3423 numerandus
1846 3386 1956 3422 non
1992 3374 2092 3421 est.

465 3439 538 3492 At
582 3441 697 3507 jam
734 3440 1084 3492 wenceslaus
1118 3441 1163 3492 1.
1198 3458 1291 3493 rex
1326 3440 1718 3508 (1230-1253)
1753 3445 1814 3491 ut
1850 3440 1942 3504 qui
1977 3440 2211 3492 maxime
2267 3439 2518 3491 electioni
2552 3441 2634 3491 in-

261 3510 461 3575 terfuit,
496 3511 555 3560 in
589 3510 741 3562 bulla
776 3515 958 3561 autem
992 3509 1198 3562 Urbani
1244 3511 1339 3562 IV.
1386 3525 1574 3578 papae,
1630 3512 1720 3561 31.
1751 3509 1984 3576 Augusti
2023 3509 2158 3560 1263
2195 3508 2339 3576 data,
2369 3509 2485 3574 ,iam
2520 3526 2639 3576 sep-

261 3584 369 3632 tem
403 3579 661 3633 electores
695 3584 1199 3645 commemorantur,
1233 3579 1373 3632 iuter
1406 3595 1540 3646 quos
1576 3581 1746 3632 etiam
1778 3577 2035 3633 Boemiae
2067 3578 2336 3644 princeps,
2386 3581 2478 3643 qui
2523 3583 2637 3633 tum

262 3663 351 3700 rex
385 3653 503 3701 erat
538 3647 906 3715 (Premyslaus
944 3648 1228 3700 Ottacarus
1274 3648 1393 3717 IL),
1439 3654 1810 3702 enumeratur:
1869 3647 2178 3711 „Quasdam
2226 3647 2638 3700 consuetudines

262 3718 401 3770 circa
436 3719 754 3770 electionem
790 3718 918 3770 novi
952 3717 1091 3783 regis
1128 3717 1493 3770 Romanorum
1524 3718 1611 3770 -in
1657 3719 2032 3783 imperatorem
2069 3721 2256 3784 postea
2290 3719 2637 3783 promovendi

261 3788 399 3854 apud
432 3789 701 3856 principes
733 3802 917 3839 vocem
952 3787 1261 3852 hujusmodi
1296 3789 1354 3838 in
1392 3787 1656 3840 electione
1690 3787 1966 3851 habentes,
2003 3788 2096 3852 qui
2132 3790 2260 3838 sunt
2291 3791 2496 3856 septem
2533 3802 2635 3837 nu-

263 3871 424 3921 mero,
458 3872 553 3926 pro
582 3857 707 3922 jure
742 3856 945 3909 servari
981 3859 1115 3907 etc.“
2627 3857 2631 3860 ’

464 3927 800 3992 Quaestioni,
835 3942 963 3977 num
981 3926 1235 3978 Boemiae
1269 3925 1541 3992 principes
1577 3940 1643 3976 ex
1680 3922 1968 3976 electorum
1983 3939 2203 3974 numero
2217 3925 2434 3989 fuerint,
2471 3939 2631 3992 quam

264 3995 488 4048 maxime
522 4009 763 4048 connexa
799 4001 880 4047 est
912 3997 1157 4060 quaestio
1192 3994 1319 4060 alia,
1356 3993 1571 4060 quando
1606 3993 1770 4044 iidem
1803 3994 2176 4060 pincernarum
2212 3993 2447 4045 officium
2495 3995 2633 4045 obti-

264 4065 487 4118 nuerint.
569 4065 899 4117 wladislaus
934 4063 1007 4116 11.
1044 4065 1297 4116 Boemiae
1349 4064 1652 4130 principum
1705 4064 1906 4129 primus
1959 4063 2244 4129 pincernae
2281 4061 2454 4114 officio
2491 4064 2633 4114 vide—

264 4136 346 4184 tur
378 4135 539 4186 fuisse
573 4140 808 4199 ornatus,
843 4133 986 4184 idem
1024 4135 1118 4200 qui
1152 4149 1201 4186 a.
1243 4135 1377 4185 1155
1417 4148 1483 4198 „a
1518 4149 1644 4198 rege
1679 4133 1948 4184 Friderico
1994 4134 2054 4182 in
2089 4133 2374 4184 maximam
2392 4138 2639 4200 receptus

265 4208 355 4318 lest
394 4205 675 4269 gratiam,“
731 4209 894 4268 atque
951 4203 1065 4270 jam
1119 4219 1264 4255 auno
1326 4205 1459 4254 1156
1525 4204 1663 4254 inter
1709 4202 1980 4268 principes
2035 4200 2353 4252 Germaniae
2406 4205 2637 4270 primum

288 4285 435 4322 ocum
473 4274 665 4326 tenuit.

365 4356 637 4400 aneson:
692 4358 856 4400 codex.
881 4359 917 4398 1.
2143 4339 2223 4403 16
