3150 5017
1542 306 1634 321 -
1722 274 1848 339 164
1932 310 2018 325 ·-

593 449 773 499 autem
810 444 879 495 ad
915 445 1277 510 episcopatum
1318 444 1813 496 wratislaviensem
1849 447 2095 512 pertinet.
2129 446 2408 513 Regnante
2441 464 2561 516 rege
2607 447 2814 499 Otacaro
2853 447 2912 498 n.

588 516 765 582 pactio
802 514 866 563 de
901 512 1131 564 confinio
1150 528 1310 577 super
1332 513 1631 577 Ostravam,
1669 530 1738 565 ne
1769 516 1828 564 in
1861 522 2130 580 posterum
2166 516 2487 582 ambigatur,
2522 532 2640 570 cum
2661 516 2908 569 wladislao

593 584 728 635 duce
762 581 1021 648 Opolensi
1054 582 1200 632 facta
1236 588 1333 646 est,
1372 583 1527 647 cujus
1562 589 1799 633 tenorem
1836 583 2022 635 literae
2059 598 2092 634 a
2127 584 2282 635 nobis
2327 586 2525 637 allatae
2558 586 2806 636 exhibent.
2860 585 2914 635 At

584 650 700 719 jam
736 667 787 701 a.
826 654 959 703 1297
994 652 1133 702 inter
1168 652 1479 716 episcopum
1518 652 1947 719 olomucensem,
1987 654 2077 718 qui
2111 654 2328 719 praedia
2361 655 2419 707 in
2455 658 2670 706 sinistra
2703 654 2914 705 Ostravae

592 722 712 785 ripa
743 718 1065 785 possidebat,
1104 723 1157 769 et
1190 720 1331 770 inter
1364 721 1672 771 Mesconem
1706 721 2085 772 Tessinensem
2120 722 2230 773 alia
2265 722 2407 773 facta
2441 730 2522 775 est
2557 725 2732 789 pactio
2767 736 2917 787 „super

588 789 743 840 metis
780 795 831 839 et
847 789 1087 839 terminis
1123 787 1267 853 apud
1304 787 1608 839 Ostraviam
1645 790 1702 838 in
1739 788 1935 840 finibus
1970 791 2227 843 bonorum
2242 793 2580 861 episcopatus
2595 792 2914 843 olomucensis

588 865 641 909 et
674 858 897 909 ducatus
930 858 1279 921 Tessynensis
1314 874 1411 921 pro
1450 874 1529 921 ec,
1568 857 1710 921 quod
1745 860 1944 910 fluvius
1981 860 2122 910 idem
2160 859 2536 927 Ostravia·qui
2559 862 2761 912 deberet
2776 864 2913 909 metas

588 926 847 979 Poloniae
883 931 935 977 et
969 927 1243 976 Moraviae
1280 925 1622 992 distinguere,
1659 943 1768 976 non
1804 932 2060 993 perpetuo
2115 944 2274 979 cursu
2327 946 2422 993 per
2467 946 2632 981 unam
2678 931 2806 979 viam
2845 928 2915 977 du·

586 997 739 1059 citur,
776 996 871 1047 sed
906 997 1169 1045 fluctuans
1205 995 1512 1061 aliquando,
1550 996 1832 1060 antiquum
1866 996 2042 1047 locum
2079 998 2163 1048 sui
2195 1000 2455 1049 transitus
2506 1000 2761 1059 deserens,
2803 998 2914 1046 inve-

587 1066 669 1115 nit
702 1080 901 1115 novum
937 1079 1169 1126 cursum,
1206 1069 1257 1115 et
1292 1065 1614 1129 aliquotiens
1650 1079 1826 1129 agros,
1865 1080 2099 1131 campos,
2149 1072 2306 1131 prata
2357 1072 2410 1117 et
2458 1068 2620 1118 rubos
2671 1072 2760 1117 aut
2787 1065 2916 1115 silvas

590 1138 893 1199 spectantes
929 1134 986 1182 in
1023 1132 1318 1183 Moraviam
1358 1133 1441 1183 vel
1477 1132 1759 1183 Poloniam
1798 1134 2051 1185 derelicto
2087 1137 2309 1201 antiquo
2347 1142 2526 1187 meatu
2549 1142 2602 1187 et
2617 1136 2824 1187 transitu
2839 1134 2914 1182 cir·

592 1203 899 1265 cumambit‚
936 1203 1013 1251 ita
1032 1201 1171 1266 quod
1206 1202 1507 1265 frequenter
1542 1218 1609 1251 ex
1643 1202 1886 1253 hoc'non
1921 1202 2095 1253 solum
2114 1206 2534 1272 provinciarum,
2571 1206 2664 1255 sed
2688 1210 2738 1254 et
2754 1216 2916 1268 posses·

587 1273 798 1323 sionum
850 1272 1066 1323 termini
1114 1270 1525 1334 confunduntur,
1578 1277 1630 1322 et
1683 1286 1911 1337 magnae
1963 1273 2234 1336 portiones
2278 1278 2451 1324 terrae
2501 1290 2622 1325 cum
2671 1273 2916 1337 dampnoso

586 1338 911 1406 praejudicio
948 1339 1280 1391 dominorum
1317 1340 1568 1392 accedent
1623 1339 1776 1389 alteri
1823 1346 1875 1390 et
1918 1340 2210 1405 perduntur
2265 1344 2445 1408 priori,
2503 1348 2558 1393 et
2609 1340 2912 1408 possessionis

585 1410 918 1461 commodum
954 1410 1255 1460 alteratur.“

790 1502 1060 1553 Pactionis
1096 1500 1161 1551 de
1197 1499 1425 1553 confinio
1460 1502 1600 1552 inter
1635 1499 1926 1553 Otacarum
1962 1508 2015 1555 et
2049 1486 2414 1555 wladislaum
2448 1505 2625 1557 factae
2660 1502 2914 1570 exemplum

590 1585 733 1624 anno
767 1572 969 1621 incerto
1009 1571 1363 1635 conscriptum
1419 1570 1614 1635 legitur
1656 1572 1714 1621 in
1769 1572 1904 1623 libro
1939 1572 2313 1627 Fon-mularum
2363 1576 2582 1641 reginae
2617 1572 2916 1641 cunegundis

588 1639 853 1707 (Palacky
884 1638 1295 1690 Formelbiicher
1329 1636 1441 1703 89).

764 1819 846 1885 In
890 1818 1156 1885 nomine
1198 1815 1494 1885 Domini.
1541 1819 1779 1885 Amen.

758 1906 897 1971 Nos
944 1905 1339 1986 Otthacarus
1383 1904 1513 1971 Dei
1557 1909 1771 1992 gratia
1812 1906 2171 1974 Bohemiae
2215 1930 2338 1973 rex
2381 1918 2504 1974 etc.

759 1990 1087 2058 Omnibus
1129 1993 1199 2055 in
1245 2001 1652 2077 perpetuum.

758 2078 850 2144 Ut
893 2081 1067 2143 inter
1112 2099 1232 2142 nos
1278 2088 1343 2142 et
1386 2078 1706 2143 illustrem
1751 2080 2138 2165 principem,
2198 2080 2534 2146 dominum
2607 2082 2715 2146 V.·
2749 2077 2914 2162 incly-

583 2176 722 2231 tum
770 2165 1001 2230 ducem
1064 2162 1145 2229 cle
1192 2163 1381 2251 Opol,
1443 2166 1852 2229 carissimum
1913 2174 2310 2250 compatrem
2367 2176 2686 2249 nostrum,
2741 2166 2917 2250 vigeat

585 2252 845 2319 debitae
910 2250 1281 2315 dilectionis
1343 2252 1702 2327 sinceritas,
1771 2252 2159 2317 concordiae
2219 2253 2412 2332 unio,
2474 2263 2915 2340 perpetuaeque

588 2341 775 2427 pacis
840 2337 1199 2416 stabilitas,
1276 2337 1455 2400 omni
1514 2338 1808 2402 rancoris
1887 2359 1966 2402 ac
2027 2338 2453 2403 dissensionis
2521 2344 2915 2423 symptomata

585 2432 913 2491 resecato:
960 2444 1113 2487 ecce
1158 2421 1401 2487 limites
1447 2422 1587 2487 sive
1633 2432 1840 2487 metas
1884 2432 2224 2505 terrarum,
2272 2446 2467 2509 super
2509 2425 2746 2512 quibus
2786 2426 2916 2488 inter

585 2532 708 2575 nos
756 2520 821 2574 et
864 2511 1079 2594 ipsum
1143 2518 1210 2573 et
1268 2507 1668 2574 clarissimos
1739 2511 2189 2595 progenitores
2248 2514 2588 2597 utriusque
2629 2521 2914 2586 Inostrum,

577 2598 721 2683 jam
768 2596 1013 2659 dudum
1061 2594 1441 2659 vertebatur
1485 2596 1759 2661 materia
1803 2598 2218 2683 quaestioniS,
2253 2596 2470 2663 taliter
2516 2597 2814 2663 duximus
2849 2593 2916 2657 di·

585 2680 1041 2767 stinguendas,
1088 2680 1423 2747 videlicet:

760 2790 953 2875 Quod
997 2800 1206 2856 metae
1251 2800 1465 2857 terrae
1518 2792 1858 2859 Mor-aviae
1902 2802 1968 2859 et
2014 2792 2288 2859 ducatus
2322 2794 2703 2879 Opoliensis
2744 2816 2784 2859 a
2819 2802 2916 2857 ter-

586 2880 782 2945 minis
827 2880 1241 2966 episcopatus
1287 2877 1880 2961 Wratizlaviensis,
1927 2880 2178 2945 scilicet
2228 2882 2296 2945 in
2345 2880 2507 2946 villa
2600 2904 2720 2947 uae
2761 2880 2912 2966 Lypa

586 2974 1023 3052 nuncupatur,
1069 2964 1413 3051 incipiunt,
1461 2975 1526 3029 et
1570 2965 1813 3031 abinde
1873 2987 2080 3052 usque
2146 2968 2216 3029 in
2262 2965 2488 3031 villam
2615 2988 2784 3053 ogun
2835 2982 2916 3027 no·

585 3054 901 3117 minatam
973 3050 1244 3115 raedicti
1274 3052 1459 3115 ducis
1507 3051 1786 3136 Opoliae
1832 3050 2328 3139 protenduntur.
2373 3056 2590 3138 Aqua
2639 3050 2915 3139 siquidem

586 3137 749 3205 villa
793 3157 909 3202 eae
961 3158 1061 3202 em
1112 3149 1322 3204 metae
1365 3137 1638 3202 fluvium
1688 3138 1800 3224 qui
1845 3137 2026 3205 Odra
2053 3139 2306 3219 dicitur,
2353 3148 2697 3205 transeunt
2731 3152 2918 3203 versus

588 3224 815 3290 villam
863 3222 1219 3305 Grussene,
1284 3232 1350 3289 et
1406 3223 1650 3289 abinde
1708 3225 1778 3287 in
1841 3224 2190 3289 Ostravam
2235 3224 2532 3306 fluvium,
2596 3228 2707 3314 qui
2749 3239 2918 3308 usque

589 3310 675 3377 ad
718 3311 1033 3375 terminos
1078 3318 1291 3375 terrae
1334 3308 1668 3395 Ungariae
1715 3309 2145 3395 protenditur,
2194 3310 2656 3377 discurrentes.
2693 3352 2700 3358 ·

760 3422 849 3487 Et
892 3420 1047 3485 licet
1104 3420 1477 3507 hujusmodi
1540 3430 1863 3503 metarum
1923 3422 2251 3487 distinctio
2311 3421 2666 3508 cujuslibet
2708 3422 2918 3487 dissen-

588 3508 791 3573 sionis
836 3506 1177 3593 scrupulos
1221 3508 1620 3571 sufficienter
1664 3510 1837 3573 inter
1895 3528 2015 3572 nos
2060 3516 2127 3573 et
2168 3508 2414 3572 dictum
2459 3508 2792 3574 dominum
2833 3502 2920 3567 du·

589 3616 729 3661 cem
778 3595 993 3681 sopire
1038 3592 1360 3672 videatur,
1429 3602 1648 3658 tamen
1695 3594 1780 3657 ad
1825 3593 2475 3681 superabundantem
2523 3593 2836 3661 cautelam
2871 3593 2920 3651 et

586 3702 803 3746 rerum
820 3689 1151 3766 gestarum
1170 3678 1513 3744 clariorem
1535 3678 1836 3767 (lacuna)
1859 3689 2055 3767 atque
2073 3682 2267 3745 etiam
2293 3690 2366 3745 ut
2382 3682 2774 3745 concordiae
2797 3675 2919 3742 unio

590 3788 723 3853 qua
765 3789 915 3833 cum
1009 3764 1298 3829 raedicto
1343 3765 1641 3851 principe
1686 3788 1913 3830 sumus
1953 3767 2238 3832 invicem
2295 3768 2562 3849 couniti,
2611 3764 2920 3832 stabilibus

590 3853 917 3918 amicitiae
987 3851 1334 3937 igamentis
1364 3852 1446 3916 ad
1473 3854 1813 3939 utriusque
1839 3862 2130 3917 nostrum
2157 3861 2452 3939 posteros
2483 3852 2919 3918 transferatur:

589 3936 784 4003 villas
845 3960 1009 4025 quas
1071 3947 1282 4003 metae
1358 3940 1697 4003 continent
1755 3938 2202 4025 supradictae,
2277 3940 2560 4024 propriis
2619 3930 2921 4004 vocabulis

592 4022 903 4088 duximus
948 4022 1430 4112 exprimendas.
1478 4024 1667 4106 Quae
1712 4034 1868 4090 sunt
1910 4025 2035 4090 hae
2079 4035 2203 4091 etc.
2252 4033 2316 4091 et
2354 4024 2526 4091 aliae
2568 4024 2790 4112 plures
2829 4016 2919 4085 vil-

590 4108 717 4193 lae,
808 4131 923 4174 uas
968 4109 1163 4177 distin
1215 4120 1380 4177 uunt
1424 4110 1666 4177 limites
1710 4110 2085 4199 supradicti.

838 4205 977 4261 etas
1022 4200 1172 4283 equi
1222 4219 1323 4264 em
1370 4197 1783 4285 supradictas
1840 4196 2312 4293 inviolabiliter
2375 4195 2772 4264 intendimus
2813 4204 2916 4257 ser·
