3150 5017
1203 362 1638 430 ...57-

411 538 509 602 24.
556 535 838 618 Quando
883 535 1126 624 aliquis
1167 536 1557 604 interficitur
1598 539 1668 603 in
1712 542 1841 621 via,
1886 540 2027 605 sive
2074 537 2299 606 militis
2344 542 2485 606 sive
2502 541 2609 627 ju-

258 625 406 689 dicis
449 646 561 689 seu
583 622 810 705 villici,
857 623 1010 689 inde
1055 624 1130 690 fit
1175 643 1420 710 magna
1459 625 1789 713 confusi03
1816 625 2029 693 solent
2051 648 2135 714 ap
2184 629 2295 692 oni
2336 626 2611 709 denarii,

255 732 484 793 aurum,
525 720 908 797 argentum3
952 708 1065 779 ille
1089 712 1236 801 quis
1257 720 1541 797 accusat,
1588 735 1723 781 non
1770 712 2091 799 dominus,
2222 714 2335 780 bet
2378 716 2611 803 jurare

257 820 436 887 super
475 803 706 864 sancta
749 806 1147 864 sanctorum·
2124 803 2131 814 ’

409 885 510 952 25.
554 885 662 951 De
710 885 929 951 debito
952 907 1090 952 non
1110 883 1306 952 debet
1327 884 1570 973 aliquis
1597 888 1817 971 vendi,
1842 889 1971 954 nisi
1992 888 2065 954 in
2092 890 2285 955 tertio
2308 889 2609 956 termino.

409 973 508 1039 26.
551 972 837 1076 Insuper
877 972 1101 1041 nullus
1147 972 1230 1041 de
1273 972 1652 1042 hominibus
1702 973 2047 1060 nobilium,
2092 976 2206 1063 qni
2250 975 2503 1042 vadunt
2542 976 2613 1041 in

261 1062 504 1147 propria
543 1060 656 1127 vel
715 1083 786 1126 in
853 1060 1078 1148 aliqua
1122 1058 1452 1147 legatione
1511 1062 1653 1131 sive
1714 1062 1801 1129 ad
1860 1062 2073 1130 forum
2090 1111 2110 1147 ‚
2154 1084 2495 1151 nunquam
2542 1064 2613 1128 in

257 1168 430 1231 novo,
473 1148 602 1213 nisi
646 1148 718 1213 in
761 1149 1034 1234 antiquo
1077 1147 1367 1215 thelonio
1413 1147 1645 1217 solvat.

411 1236 512 1301 27.
555 1234 726 1301 Item
769 1234 992 1301 nullus
1034 1234 1122 1302 ad
1157 1232 1485 1321 judicium
1529 1234 1821 1313 accedat,
1865 1238 1997 1303 nisi
2041 1237 2127 1333 dp
2162 1234 2363 1303 domo
2380 1256 2615 1303 secun·

260 1323 398 1388 dum
435 1320 545 1407 jus
635 1322 774 1389 rius
819 1326 1069 1388 citetur.

413 1408 513 1477 28.
599 1429 845 1498 nsuper
910 1411 966 1475 si
1010 1408 1274 1475 villicus
1292 1411 1492 1499 ,regis
1558 1410 1703 1477 sine
1752 1410 2009 1513 judicio
2068 1410 2613 1501 impignoraverit

261 1495 550 1600 aliquem,
597 1518 720 1563 rex
751 1498 908 1583 jure
938 1518 1058 1567 suo
1075 1496 1394 1584 corrigat3
1437 1500 1493 1564 si
1517 1507 1617 1564 est
1632 1497 1895 1568 villicus
1939 1500 2301 1583 camerarii,
2324 1519 2615 1574 marcam

261 1606 390 1650 aun
429 1584 665 1665 solvat,
711 1584 766 1651 si
811 1584 1138 1667 dominus,
1183 1582 1505 1651 beneficio
1549 1594 1793 1652 careat.
2276 1644 2285 1653 .
2596 1615 2603 1624 ¹

413 1673 518 1739 29.
566 1670 674 1737 Ad
716 1671 884 1737 haec
929 1692 1158 1739 omnes
1203 1674 1645 1739 communiter
1684 1671 1995 1739 tabernas
2038 1673 2346 1740 habeant.

412 1761 515 1827 30.
560 1760 908 1825 Praeterea
952 1759 1329 1847 campiones
1368 1780 1502 1826 non
1525 1760 1819 1827 habeant
1840 1762 1967 1826 nisi
1992 1770 2220 1827 contra
2243 1768 2613 1826 extraneos.

413 1847 517 1912 31.
559 1846 826 1914 Interea
869 1847 1220 1935 provincia
1259 1848 1677 1915 Betouiensis
1721 1852 1791 1913 in
1835 1850 2066 1915 eodem
2128 1856 2301 1915 statu
2358 1868 2615 1938 perma-

258 1942 414 2017 neat,
456 1936 525 2000 in
615 1955 701 1999 uo
745 1932 1201 2021 Znoymensis.
2338 2008 2349 2020 ‚

415 2014 512 2087 32.
595 2043 639 2085 n
683 2018 788 2086 his
832 2019 1136 2088 omnibus
1181 2020 1547 2109 excipimus
1591 2019 1939 2110 privilegia
1998 2018 2289 2087 virorum
2340 2015 2614 2107 'religio-

262 2130 457 2173 sorum
499 2132 540 2175 a
585 2106 993 2196 principibus
1039 2108 1132 2173 eis
1178 2127 1522 2189 concessa,
1569 2116 1635 2173 et
1669 2108 1828 2195 jura
1872 2107 2260 2174 clericorum
2305 2128 2453 2173 cum
2502 2105 2613 2173 do-

259 2196 417 2261 tibus
459 2195 902 2273 ecclesiarum,
950 2196 1061 2285 qui
1108 2204 1424 2283 reguntur
1469 2194 1836 2261 secundum
1870 2196 1986 2282 jus
2033 2196 2451 2262 canonicum.

412 2280 502 2349 Ut
546 2291 767 2350 autem
793 2280 955 2349 haec
980 2284 1201 2347 omnia
1245 2290 1389 2347 rata
1433 2291 1499 2347 et
1521 2280 1914 2349 inconvulsa
1938 2289 2369 2363 permaneant
2392 2281 2619 2348 et'ma-

255 2370 370 2457 jori
423 2372 718 2436 nitantur
743 2442 750 2451 ,
775 2368 1009 2435 robore
1055 2391 1136 2435 ac
1181 2369 1574 2436 evidentiori
1636 2370 1706 2434 in
1750 2376 2085 2459 posterum
2131 2376 2403 2461 pateant
2446 2368 2617 2434 veri·

261 2465 393 2541 tate,
437 2466 847 2547 praesentem
893 2458 1202 2547 paginam
1241 2458 1344 2521 ‘eis
1391 2456 1667 2549 fecimus
1714 2456 2041 2523 conscribi
2076 2465 2141 2523 et
2170 2454 2380 2543 'sigilli
2411 2455 2619 2521 nostri

261 2544 667 2633 impressione
713 2544 1025 2627 roborari,
1070 2540 1348 2611 testibus
1393 2542 1779 2627 subnotatis,
1828 2566 2107 2633 quorum
2152 2544 2427 2614 nomina
2466 2550 2620 2608 sunt

263 2630 436 2699 haec:
478 2629 633 2697 Filii
679 2632 855 2718 regis
901 2630 1332 2698 Wenceslaus
1378 2644 1441 2698 et
1485 2630 1913 2715 wladislaus,
1961 2632 2289 2698 Robertus
2340 2626 2615 2698 Olomu-

263 2720 454 2785 censis
497 2728 532 2785 e
582 2716 867 2807 iscopus‚
911 2718 1105 2807 Eppo
1151 2720 1562 2807 praepositus
1610 2718 1979 2807 Pragensis,
2032 2718 2294 2785 Bohuta
2339 2740 2619 2808 praepo-

262 2807 404 2870 situs
441 2806 538 2872 Bo
568 2804 957 2873 eslauiensis
975 2856 992 2887 ‚
1037 2804 1550 2892 Engelsscalcus
1589 2808 1765 2893 regis
1789 2806 2342 2893 prothonotarius,
2368 2802 2621 2871 Beness

262 2892 635 2960 castellanus
683 2893 766 2958 de
808 2892 1140 2975 Budissin,
1185 2892 1230 2957 J
1231 2915 1398 2975 aros,
1447 2892 1749 2980 Budiwoj
1784 2890 2184 2982 castellanus
2211 2890 2293 2961 de
2317 2889 2619 2967 Oladsco,

260 2978 432 3045 Divis
474 2976 875 3047 castellanus
921 2979 1002 3045 de
1049 2978 1366 3059 Prachen‚
1411 2980 1779 3047 Bohussius
1804 2980 2203 3046 castellanus
2229 2978 2311 3043 de
2334 2976 2619 3054 Netolic,

261 3066 471 3158 Cojata
513 3064 915 3153 subdapifer,
959 3066 1221 3132 Holach
1268 3065 1731 3155 subpincerna,
1786 3066 2134 3133 Prossimir
2184 3064 2264 3131 de
2298 3064 2619 3152 Prawlen,

261 3154 690 3240 Ingrammus,
734 3150 1008 3241 Depolt‚
1075 3154 1450 3220 Pomnenus
1510 3155 1856 3236 Howoriz,
1916 3154 2175 3233 Welen‚
2238 3150 2619 3219 Gothardus

262 3248 318 3305 et
354 3240 704 3307 Hartlebus
751 3242 1006 3323 fratres,
1052 3240 1402 3324 Hem-icus,
1450 3241 1696 3329 Lupus,
1742 3240 2062 3327 Rugerus,
2124 3237 2406 3323 Vlricus,
2461 3240 2618 3322 Bra-

264 3328 512 3413 nizlaus,
556 3327 936 3413 Bohdanez‚
959 3328 1399 3417 ¹Wilhelmus,
1446 3327 1707 3417 Lupolt‚
1754 3329 2094 3395 castellani
2140 3322 2617 3413 Znoyme'nse‘s,

270 3412 446 3483 Lewa
487 3416 928 3503 camerarius,
961 3413 1393 3483 ’Theodricus
1441 3416 1523 3481 de
1569 3415 1853 3482 Ghnesiz
1879 3465 1896 3499 ,
1946 3414 2322 3505 Stephanus
2384 3414 2619 3480 castel-

263 3500 436 3653 lgm
479 3502 560 3570 de
604 3500 956 3607 Jewiczki,
989 3502 1262 3571 Ratibor
1309 3503 1523 3591 judex
1544 3552 1564 3585 ,
1610 3502 2017 3570 Wolframus
2080 3512 2145 3570 et
2208 3502 2330 3568 filii
2391 3501 2492 3571 sui
2539 3498 2621 3567 de

315 3612 733 3657 ramssowicz.

419 3678 583 3745 Acta
627 3686 780 3745 sunt
822 3675 989 3744 haec
1032 3699 1208 3744 anno
1253 3676 1335 3742 D.
1383 3676 1522 3743 Inc.
1587 3676 1986 3745 MGOXXII
2046 3680 2117 3743 in
2162 3678 2421 3763 Znoym
2465 3695 2620 3763 rege

280 3772 335 3827 et
371 3767 586 3852 regina
631 3788 780 3832 cum
827 3765 1231 3854 praenotatis
1269 3765 1549 3832 testibus
1588 3764 1835 3833 ibidem
1862 3766 2141 3833 feliciter
2164 3760 2619 3831 existentibus.

281 3847 496 3918 Datum
546 3876 661 3943 per
704 3875 973 3921 manum
1017 3854 1388 3921 Hei-manni
1433 3854 1607 3942 regis
1650 3852 1960 3922 Boemiae
2006 3852 2266 3921 notarii.
2544 3850 2551 3855 ’
