3150 5017
1169 288 1635 350 -185—

255 462 328 507 tut
358 446 575 523 diploma
606 472 657 509 a.
696 459 831 509 1312
866 458 1137 523 scriptum,
1174 458 1363 509 civitas
1398 459 1531 516 haec
1566 472 1722 509 usum
1763 458 1900 523 juris
1944 458 2420 525 magdeburgensis
2455 460 2592 511 obti-

252 528 369 589 nuit,
402 542 499 591 quo
532 529 687 578 etiam
725 528 912 579 civitas
947 528 1397 579 Lutomericensis
1426 526 1539 592 jam
1575 527 1700 577 inde
1753 541 1788 577 a
1834 529 2158 593 temporibus
2203 530 2516 581 Wenceslai
2549 530 2595 583 1.

254 596 563 714 ntebamffrbs
598 678 739 729 quae
771 663 830 712 in
866 662 1079 714 dextera
1112 665 1231 727 ripa
1265 669 1399 727 erat,
1435 679 1538 729 quo
1576 678 1610 714 a
1645 679 1788 715 nova
1822 665 2040 715 civitate
2076 678 2214 728 quae
2247 666 2422 734 ripam
2465 666 2600 726 sini-

250 735 395 781 stram
429 733 737 797 occupabat,
774 732 1201 796 distingueretur,
1237 734 1400 798 ,vulgo
1454 734 1673 795 „civitas
1721 731 1828 797 maj
1835 736 1922 783 or“
1975 734 2280 797 dicebatur;
2333 735 2603 798 „civitatis

250 802 508 864 antiquae“
548 814 745 853 nomen
778 816 829 851 a.
868 803 1001 851 1282
1036 802 1269 865 primum
1304 807 1541 866 apparet.
1941 851 1944 854 .

427 869 720 935 Antiquam
753 869 1093 935 privilegium
1129 870 1269 936 quod
1306 870 1598 921 Sabe-«ilaus
1633 870 1706 921 11.
1742 869 2085 921 Thentonicis
2121 874 2178 922 in
2215 873 2332 922 vico
2364 870 2599 922 Thente-

248 936 459 987 nicorum
490 938 858 994 habitantibus
894 938 1109 989 dederat
1146 940 1221 1004 (n.
1262 938 1366 1002 17.)
1405 940 1652 1005 quodque
1688 939 1814 990 dein
1847 955 1939 990 rex
1973 940 2324 991 wenceslaus
2343 940 2388 991 Ι.
2407 941 2600 990 iisdem

248 1006 427 1069 ineolis,
462 1008 605 1062 cives
633 1006 749 1071 jam
786 1023 877 1058 eos
912 1006 1194 1073 appellans
1232 1007 1307 1073 (n.
1344 1010 1451 1075 35.)
1503 1007 1928 1071 confirmaverat,
1974 1025 2066 1059 rex
2112 1008 2355 1074 Premysl
2404 1008 2598 1061 Otaca-

247 1089 321 1123 rus
350 1075 417 1125 11.
454 1076 692 1137 „civibus
726 1075 976 1139 majoris“
1023 1076 1174 1127 illius
1224 1077 1491 1137 „civitatis
1534 1075 1854 1142 Pragensis“
1909 1076 2270 1139 confirmavit3
2317 1080 2407 1129 isti
2455 1079 2600 1129 enim

248 1147 390 1205 erant,
426 1146 513 1208 qui
531 1146 635 1195 hoc
668 1143 1011 1209 privilegium
1046 1145 1417 1210 possederunt,
1450 1150 1511 1197 nt
1544 1150 1771 1197 testatur
1805 1145 2152 1209 confirmatio,
2176 1162 2314 1213 quae
2333 1148 2384 1197 ei
2412 1151 2600 1211 postea

245 1224 395 1277 areg-e
412 1213 625 1263 Joanne
657 1214 1111 1279 Lucemburgensi
1145 1215 1399 1265 accessit:
1440 1214 1652 1277 „Nostri
1687 1216 1831 1265 cives
1868 1214 2086 1279 majoris
2123 1216 2355 1267 civitatis
2385 1220 2604 1265 nostrae

245 1279 502 1345 Pragensis
538 1284 695 1333 nobis
733 1281 1087 1334 exhibuerunt
1134 1282 1398 1349 quoddam
1448 1283 1788 1349 privilegium
1836 1284 2060 1334 illustris
2106 1284 2310 1337 domini
2354 1284 2602 1336 ottakari

244 1348 483 1411 quondam
517 1354 661 1417 regis
696 1352 966 1415 Boemiae‚
1002 1352 1423 1417 praedecessoris
1458 1354 1647 1417 nostri,
1683 1368 1805 1403 cum
1842 1354 2102 1403 instantia
2137 1352 2488 1418 postulantes,
2537 1354 2600 1403 ut

242 1417 559 1484 privilegium
592 1422 771 1485 ipsum
808 1426 863 1471 et
896 1421 1110 1485 singula
1143 1425 1395 1472 contenta
1429 1422 1527 1473 sub
1562 1422 1682 1488 ipso
1718 1422 2057 1488 dignaremur
2091 1421 2456 1474 confirmare.“

424 1486 490 1557 (E
525 1489 933 1541 confirmatione
965 1490 1003 1541 J
1005 1491 1197 1541 oannis
1231 1488 1417 1557 regis.)

388 1606 523 1673 Nos
548 1607 931 1691 Ottakarus,
954 1608 1085 1672 Dei
1121 1609 1335 1693 gratia
1378 1628 1500 1673 rex
1539 1608 1874 1689 Boemiae‚
1911 1608 2050 1673 dux
2090 1607 2419 1689 Auen-iae,
2465 1606 2597 1673 Ka-

240 1691 530 1777 rinthiae,
594 1692 889 1759 marchio
970 1694 1349 1776 Moraviae,
1428 1693 1732 1759 dominus
1809 1694 2158 1761 carniolae
2235 1702 2300 1760 et
2357 1694 2598 1758 Portus

240 1776 485 1845 Naonis.
567 1780 826 1845 Tenere
894 1782 1342 1865 praesentium
1406 1779 1718 1845 devenire
1777 1783 2075 1864 cupimus
2137 1782 2206 1845 in
2267 1778 2600 1867 public-am

240 1865 570 1949 notionem,
619 1866 797 1952 quod
840 1888 961 1930 nos
993 1864 1327 1951 quoddam
1370 1867 1792 1952 privilegium
1837 1868 2395 1931 Theotunicorum
2441 1867 2598 1931 Pra-

237 1952 515 2032 gensium
560 1975 603 2017 a
648 1961 833 2037 patre
878 1950 1035 2016 olim
1082 1962 1307 2018 nostro
1334 1952 1599 2017 domino
1641 1952 2053 2035 Wencesla0‚
2098 1951 2340 2017 illustri
2384 1972 2588 2037 quon-

242 2035 373 2100 dam
415 2058 575 2121 rege
618 2039 951 2120 Boemiae‚
998 2038 1720 2104 concessum'vidimus
1774 2040 1844 2103 in
1889 2039 2055 2104 haec
2097 2036 2338 2108 verba:

237 2238 313 2283 otu
409 2166 699 2303 ἑὸοὲἓὶῖω
731 2167 1070 2234 privilegium
1105 2166 1413 2217 Weneeslai
1446 2167 1491 2219 1.
1527 2168 1665 2234 regis
1701 2182 1776 2219 cc.
1839 2169 1974 2219 1281
2013 2172 2329 2219 renovatum
2377 2169 2431 2217 et
2466 2176 2596 2216 auc·

314 2250 377 2285 m.
462 2271 475 2285 .
587 2272 601 2287 .
630 2256 641 2304 ᾗ
2265 2264 2268 2266 Α

389 2344 527 2411 Nos
588 2355 810 2411 autem
839 2394 840 2397 ,
872 2344 1269 2426 Ottakarus‚
1338 2343 1468 2408 Dei
1534 2348 1752 2429 gratia
1808 2368 1930 2410 rex
1998 2346 2416 2425 Boemorum‚
2476 2342 2602 2407 hoc

234 2430 636 2517 privilegium
674 2434 820 2517 jam
862 2432 1343 2517 praescriptum
1390 2431 1562 2495 sicut
1606 2434 1731 2497 rite
1800 2440 1866 2497 et
1931 2429 2412 2496 rationabiliter
2456 2430 2590 2494 fac-

232 2525 357 2579 tum
400 2527 515 2601 est,
564 2520 663 2582 sic
707 2521 923 2603 ipsum
970 2518 1361 2583 auctoritate
1423 2520 1611 2603 regia
1685 2518 2164 2583 confirmamus.
2253 2516 2333 2581 In
2401 2517 2591 2600 cujus

232 2602 733 2751 Eonfirmationis
776 2612 1039 2669 nostrae
1082 2604 1529 2669 testimonium
1576 2610 1644 2670 et
1685 2605 1888 2671 robur
1934 2624 2247 2691 praesens
2287 2602 2598 2686 scriptum

276 2689 363 2752 eri
405 2699 533 2755 etc.
951 2738 976 2759 .

386 2776 633 2841 Actum
700 2784 768 2841 et
834 2774 1061 2841 datum
1126 2776 1383 2857 Pragae
1447 2796 1563 2858 per
1629 2796 1870 2841 manus
1944 2776 2243 2860 magistri
2315 2772 2590 2837 Henrici

230 2859 692 2944 prothonotarii
736 2864 924 2947 regni
982 2862 1186 2927 nos-tri
1232 2870 1299 2925 et
1342 2861 1609 2945 plebani
1653 2863 1722 2926 in
1771 2862 2002 2927 Chore.
2073 2862 2272 2925 Anno
2317 2857 2590 2921 Domini

231 2944 563 3014 millesimo
610 2946 1047 3033 CCXXHH„
1094 2947 1208 3012 VI.
1254 2943 1403 3011 Kal.
1453 2947 1861 3031 DecembriS,
1910 2948 2032 3013 III.
2081 2945 2480 3012 indictionis.

1375 3311 1477 3374 66.

321 3446 770 3531 infeudatio
826 3445 1291 3631 Promyslaliffl
1320 3446 1644 3631 Otaffiiari
1696 3445 1794 3527 Π.
1851 3446 1945 3529 de
1999 3444 2366 3529 Bohemia
2419 3448 2503 3526 et

1295 3574 1436 3632 ora
1528 3574 1596 3633 a.

1144 3695 1330 3771 1276,
1376 3687 1477 3753 25.
1524 3688 1690 3753 Nov.

422 3843 569 3895 Belli
606 3843 746 3908 quod
780 3842 1095 3909 Rudolphus
1132 3844 1490 3896 Romanorum
1528 3859 1621 3895 rex
1657 3849 1820 3908 atque
1869 3844 2130 3893 Otacarus
2177 3858 2268 3893 rex
2316 3840 2608 3891 Bohemiae

232 3926 275 3960 a.
312 3914 443 3963 1276
480 3927 695 3963 summa
729 3916 1067 3964 contentione
1100 3916 1241 3964 inter
1274 3929 1332 3964 se
1368 3916 1665 3979 gesserunt,
1703 3918 1923 3963 eventus
1976 3914 2024 3961 is
2070 3912 2186 3974 fnit,
2235 3916 2296 3961 ut
2346 3910 2610 3961 Otacarus

232 3981 447 4045 Austris,
468 3982 1247 4047 Styria,Carinthia,Carniola
1268 3983 1516 4033 decedere
1550 3984 1620 4032 sit
1653 3986 1890 4045 coactus,
1927 3984 2084 4044 eique
2116 3985 2327 4030 tantum
2349 3979 2610 4030 Bohemia
2647 4025 2650 4027 ,

234 4055 285 4097 et
314 4051 555 4103 Moravia
590 4051 939 4116 possidendae
974 4067 1009 4103 a
1045 4066 1170 4117 rege
1202 4066 1422 4103 romano
1452 4052 1557 4101 ritu
1574 4050 1786 4109 solenni
1820 4050 2045 4101 traditae
2069 4051 2194 4111 sint,
2233 4048 2374 4113 qnod
2409 4049 2609 4099 factum

235 4122 312 4165 est
344 4119 423 4169 die
456 4121 548 4169 26.
586 4135 709 4179 nov,
744 4115 881 4171 ‘1276
920 4121 975 4171 in
994 4121 1184 4172 castris
1204 4126 1326 4171 ante
1362 4121 1658 4172 Viennam:
1699 4120 1844 4182 „Rex
1865 4119 2130 4169 Otacarus
2142 4117 2421 4183 Rudolpho
2441 4117 2609 4168 eleeto

235 4185 417 4238 obtulit
449 4187 655 4240 vexilla
692 4190 927 4253 quinque
976 4190 1035 4239 in
1082 4192 1295 4255 signnm
1343 4188 1746 4253 subjectionis.“
1783 4214 1850 4226 -·
1907 4186 2253 4253 „Rudolphus
2306 4188 2420 4254 regi
2477 4187 2612 4237 Ota-

236 4268 353 4305 caro
386 4256 590 4309 vexilla
624 4257 729 4309 duo
775 4257 1011 4311 restitnit
1046 4274 1168 4311 eum
1204 4260 1356 4312 terris
1391 4257 1684 4311 Bobemiae
1717 4260 1772 4309 et
1803 4256 2126 4309 Moraviae.“
