3150 5017
1447 282 1536 295 —
1625 245 1922 313 120-

1643 418 1748 483 40.

811 538 1134 623 Locatio
1189 538 1572 623 villarum
1625 538 1710 621 in
1763 539 2087 623 formam
2138 536 2556 620 lhotarum.

1592 680 1779 746 1250.

714 824 956 872 Exeunte
992 820 1209 871 saeculo
1245 819 1368 871 XII.
1404 821 1463 871 in
1514 820 1776 872 Bohemia
1823 820 2170 885 Mol-aviaque
2222 816 2465 869 coloniae
2517 833 2691 870 novae
2739 818 2888 869 condi

509 896 728 959 coeptae
764 894 905 953 sunt,
944 905 1079 954 quae
1112 890 1293 941 lhotae
1328 891 1676 953 vocabantur,
1713 904 1746 940 a
1779 890 2117 941 libertatibus
2153 902 2290 954 quae
2323 887 2686 939 conditoribus
2737 904 2772 938 a
2798 887 2885 937 do-

512 963 675 1013 minis
708 962 768 1011 in
803 960 1071 1010 locatione
1104 959 1555 1010 concedebantur.
1594 960 1811 1010 Literae
1847 958 1934 1009 hic
1985 959 2262 1024 appositae
2309 956 2375 1007 de
2423 958 2528 1007 isto
2561 958 2888 1008 coloniarum

511 1047 707 1099 genere
740 1034 925 1095 agunt,
964 1029 1103 1095 quod
1140 1029 1475 1095 postmodum
1512 1028 1884 1079 celebrabatur
1903 1028 2036 1079 adeo
2055 1033 2116 1081 ut
2129 1027 2288 1079 etiam
2301 1027 2446 1093 apud
2469 1026 2703 1077 confines
2723 1026 2890 1077 Bobe-

504 1104 647 1153 miae
682 1101 924 1167 populos,
961 1101 1019 1150 in
1056 1099 1283 1149 Polonia
1318 1104 1479 1165 atque
1514 1098 1814 1163 Hungaria,
1851 1098 2286 1164 frequentaretur,
2306 1101 2367 1147 ut
2392 1100 2615 1148 testatur
2631 1097 2891 1147 maximus

503 1186 757 1224 numerus
792 1168 1043 1219 villarum
1081 1183 1220 1233 quae
1258 1168 1453 1233 Lbota,
1490 1168 1685 1233 Lgota‚
1721 1168 1937 1234 Elgota,
1972 1167 2196 1230 Lehota,
2243 1166 2328 1217 Na
2363 1165 2556 1231 Lhote,
2591 1168 2670 1219 Ve
2707 1165 2890 1229 Lhoffi,

507 1242 885 1357 dmuntqubota.
930 1320 1089 1371 quam
1134 1322 1200 1357 ex
1248 1307 1521 1359 literarum
1570 1307 1932 1358 monumentis
1983 1306 2209 1373 Primam
2257 1304 2506 1357 ”mimus
2525 1344 2540 1371 ’
2593 1310 2673 1357 ea
2719 1304 2891 1355 Lhota

509 1395 630 1433 cum
666 1376 899 1431 ecclesia
935 1376 989 1429 S.
1029 1377 1263 1441 Georgii,
1300 1377 1517 1428 condita
1552 1390 1604 1427 a.
1645 1378 1778 1427 1199
1814 1390 1977 1443 prope
2011 1375 2190 1426 Altam
2225 1375 2449 1427 Mutam.

718 1444 949 1513 (Boczek
982 1446 1131 1511 Dipl.
1166 1447 1302 1497 Mor.
1336 1448 1438 1497 ΙΙΙ.
1478 1446 1596 1497 158.
1634 1461 1699 1495 ex
1733 1445 1874 1497 Anu.
1913 1442 2148 1514 Gradic.)

685 1515 765 1580 In
812 1514 1077 1579 nomine
1124 1512 1337 1577 Patris
1384 1523 1448 1579 et
1493 1511 1648 1578 Filii
1696 1522 1761 1578 et
1806 1512 2088 1600 Spiritus
2135 1514 2364 1578 sancti.
2409 1512 2645 1581 Amen.

681 1602 927 1666 Notum
976 1600 1061 1663 sit
1106 1598 1431 1681 omnibus,
1478 1607 1894 1686 praesentem
1989 1600 2252 1685 aginam
2279 1598 2692 1685 inspecturis,
2718 1597 2896 1685 quod

515 1712 635 1755 nos
682 1686 1028 1766 Robertus‚
1056 1686 1262 1751 abbas
1292 1689 1501 1751 sancti
1548 1686 1929 1752 monasterii
2001 1684 2132 1751 eati
2157 1684 2473 1772 Stephani
2501 1688 2571 1751 in
2603 1685 2898 1760 GradisS,

512 1774 915 1841 contulimus
950 1774 1103 1859 jure
1148 1770 1541 1839 hereditario
1591 1772 1848 1839 duobus
1909 1770 2220 1838 fratribus
2280 1774 2555 1839 uterinis
2614 1771 2897 1838 Welizio

512 1874 577 1929 et
623 1860 925 1929 Stedroni
973 1860 1040 1923 in
1086 1858 1305 1925 Uhrez
1350 1858 1512 1925 villa
1534 1859 1996 1940 residentibus,
2042 1858 2275 1924 silvam
2322 1861 2652 1946 quandam
2722 1860 2896 1923 circa

511 1949 784 2015 fluvium
849 1947 961 2034 qui
1022 1955 1297 2011 vocatur
1357 1946 1736 2034 Skrypouy,
1788 1948 2143 2033 jacentem,
2263 1968 2336 2011 ro
2397 1968 2526 2033 qua
2592 1945 2902 2011 videlicet

514 2036 684 2103 silva
752 2034 1133 2120 saepissime
1203 2035 1600 2099 certavimus
1661 2055 1809 2097 cum
1873 2031 2136 2097 domino
2259 2054 2574 2098 ermanno
2630 2031 2711 2098 de
2771 2032 2896 2096 Le-

518 2126 769 2204 touicz;
830 2129 896 2184 et
954 2142 1038 2185 ne
1085 2118 1363 2185 ulterius
1424 2129 1755 2186 certamen
1819 2121 2114 2202 oriretur,
2177 2118 2478 2185 dedimus
2539 2118 2898 2183 auxiliante

516 2210 743 2275 divina
788 2206 1259 2288 misericordia,
1312 2214 1365 2273 1.
1414 2217 1487 2272 ut
1530 2206 1851 2294 praedicti
1915 2206 2045 2271 duo
2106 2212 2278 2271 servi
2339 2206 2543 2271 nostri
2605 2204 2903 2270 locarent

512 2295 757 2362 ibidem
805 2292 1051 2368 villam,
1101 2294 1283 2379 ipsis,
1328 2295 1620 2380 ipsorum
1649 2294 1802 2358 filiis
1847 2303 1912 2357 et
1955 2293 2233 2379 posteris
2280 2293 2365 2358 ad
2412 2292 2779 2373 utilitatem,
2841 2300 2900 2356 et

516 2391 589 2447 ut
634 2382 862 2447 eadem
916 2378 1072 2443 villa
1114 2379 1723 2465 Veliczyna-Lhota
1783 2390 2296 2466 nuncuparetur,
2357 2379 2418 2444 2.
2480 2388 2544 2445 et
2611 2388 2684 2443 ut
2743 2376 2900 2443 libe-

513 2478 717 2534 tatem
776 2465 1050 2533 baberet
1092 2466 1253 2531 villa
1314 2468 1696 2552 supradicta
1751 2468 1944 2531 annis
2012 2467 2284 2552 triginta
2345 2467 2560 2530 minus
2623 2464 2900 2545 duobus,

520 2557 579 2620 3.
599 2566 664 2622 et
753 2560 1029 2639 uotquot
1071 2550 1315 2619 ibidem
1377 2554 1604 2619 laneos
1641 2563 2116 2640 compararent,
2164 2574 2421 2639 semper
2466 2552 2762 2618 decimus
2806 2550 2900 2616 la-

514 2664 682 2707 neus
754 2640 897 2705 iber
941 2648 1114 2705 esset
1159 2649 1223 2704 et
1268 2662 1400 2705 non
1448 2650 1812 2706 censuaret.

690 2734 748 2795 4.
790 2726 860 2791 Si
885 2735 1099 2791 autem
1129 2736 1352 2792 noster
1376 2748 1728 2808 successor,
1763 2747 1959 2814 quem
1977 2726 2162 2792 Deus
2191 2726 2480 2813 eligeret,
2520 2724 2752 2791 villam
2785 2722 2901 2789 sibi

519 2814 723 2884 vellet
766 2835 1105 2900 usurpare,
1151 2822 1310 2879 tunc
1355 2835 1474 2901 pro
1522 2812 1816 2901 quolibet
1859 2813 2066 2879 libero
2130 2813 2320 2879 laneo
2386 2814 2676 2900 quinque
2740 2833 2898 2875 mar·

525 2924 639 2969 cas
684 2900 933 2967 eisdem
982 2901 1191 2965 servis
1237 2905 1344 2965 vel
1390 2902 1686 2987 ipsorum
1732 2901 2008 2987 posteris
2055 2898 2306 2980 reddet,
2345 2907 2411 2965 et
2431 2900 2554 2987 ipsi
2581 2900 2901 2964 servirent

517 2990 623 3055 cui
668 2988 876 3053 libere
922 2986 1187 3053 vellent.

690 3074 781 3139 Et
823 3074 948 3139 hoc
994 3072 1270 3138 fecimus
1320 3072 1400 3138 de
1448 3072 1723 3137 consilio
1769 3083 2133 3139 conventus
2180 3073 2384 3138 nostri
2429 3077 2495 3138 et
2538 3070 2818 3138 fratrum
2845 3078 2903 3136 et

519 3163 789 3227 testium
838 3161 948 3247 qui
994 3182 1173 3225 nunc
1203 3160 1754 3225 nominabuntur:
1785 3159 2088 3226 Andreas
2112 3161 2308 3247 prior,
2357 3159 2663 3247 subprior
2686 3156 2905 3237 Zirak,

518 3248 837 3315 Twrczan
900 3249 1193 3329 sacrista,
1258 3246 1616 3313 Swatosius
1679 3246 1989 3333 claviger,
2059 3247 2193 3312 Grre
2242 3247 2416 3311 orius
2484 3246 2901 3323 camerarius,

517 3335 805 3401 Thomas
865 3332 1187 3420 plebanus
1259 3331 1339 3398 de
1406 3334 1662 3413 Naklis,
1731 3332 2135 3399 Bohdalcius
2229 3334 2410 3397 sicus
2482 3332 2899 3411 camerarius,

517 3422 745 3489 Simon
792 3422 1125 3507 pincerna,
1170 3419 1457 3486 Mathias
1503 3422 1975 3505 carpentarius·

562 3552 579 3565 κ
689 3507 939 3576 Datum
985 3508 1054 3572 in
1102 3506 1386 3573 claustro
1436 3506 1782 3584 Gradiscz,
1825 3529 2000 3573 anno
2045 3505 2315 3575 Domini
2363 3504 2626 3574 MCCL.

1647 3803 1754 3868 41.

516 3924 628 4009 De
656 3926 902 4008 terris
950 3910 1326 4029 antiquae
1367 3920 1644 4023 Srbias
1691 3944 1928 4027 super
1965 3920 2230 4005 Albim
2269 3919 2900 4005 commemoratio.

728 4084 897 4147 Regio
933 4082 1178 4133 hodierni
1214 4080 1479 4131 Saxoniae
1536 4081 1688 4146 regni
1737 4094 1874 4145 quae
1918 4082 1976 4131 in
2029 4084 2256 4144 utraque
2301 4079 2454 4131 Albis
2503 4079 2745 4131 fluminis
2789 4078 2902 4143 ripa

514 4155 655 4205 inter
690 4151 873 4203 Salam
910 4157 963 4202 et
996 4152 1300 4203 Bobravam
1335 4150 1608 4216 panditur,
1646 4164 1680 4199 a
1713 4148 1964 4201 Bohemis
1999 4164 2138 4201 sace.
2175 4150 2272 4200 XI.
2296 4154 2348 4199 et
2365 4147 2489 4200 XII.
2527 4148 2688 4215 Srbia
2723 4146 2898 4215 appel-

516 4223 749 4287 labatur,
786 4222 885 4273 etsi
924 4236 1033 4271 non
1068 4220 1170 4271 soli
1206 4220 1323 4271 Srbi
1362 4219 1559 4283 (Surbi,
1599 4218 1814 4285 Sorbi),
1863 4218 1956 4269 sed
2001 4218 2142 4271 aliae
2189 4233 2400 4283 quoque
2451 4227 2638 4284 gentes
2673 4217 2901 4270 slavicae
