3150 5017
1168 277 1638 341 -181—

244 449 377 526 suis,
435 447 514 510 D.
576 445 940 511 Henricum
993 446 1201 512 filium
1258 447 1447 512 ducis
1506 447 1780 512 Henrici
1843 448 1924 514 de
1985 446 2432 526 wratislavia,
2495 450 2582 515 D.

239 533 587 596 Lezkonem
649 541 716 597 et
773 536 1041 597 fratrem
1103 535 1249 619 ejus
1310 533 1514 599 duces
1575 534 1915 616 Cuiaviae,
1977 534 2276 621 aliosque
2338 535 2586 613 fideles,

238 619 500 683 fautores
542 627 609 684 et
652 617 1011 683 familiares
1054 627 1335 701 nostros,
1382 641 1533 684 cum
1576 618 1732 684 filiis
1792 618 2122 702 omnibus,
2179 621 2393 704 terris,
2451 643 2588 708 reg·

236 707 339 782 nis,
384 703 749 782 ducatibus,
783 704 1047 791 juribus
1092 726 1172 770 ac
1214 705 1748 791 possessionibus
1794 706 2153 772 eorundem
2181 709 2262 788 ²⁸²).

1326 875 1483 941 XII.

376 1047 661 1132 Insuper
715 1049 1131 1134 promisimus
1190 1056 1257 1112 et
1316 1047 1751 1134 promittimus
1811 1047 2002 1130 iuxta
2043 1049 2340 1136 ipsorum
2388 1048 2578 1116 baro-

236 1155 365 1196 num
420 1143 792 1198 nostrorum
857 1134 1350 1214 ordinationem,
1474 1133 1607 1198 uod
1673 1155 1716 1197 a
1778 1133 2066 1200 dominis
2133 1135 2582 1202 cardinalibus

236 1229 482 1284 vacante
540 1241 720 1284 nunc
780 1220 932 1284 sede
988 1221 1351 1307 apostolica
1396 1239 1433 1282 o
1484 1217 1843 1284 tinebimus
1887 1223 2292 1286 transmissis
2337 1228 2582 1289 nostris

234 1307 463 1368 nunciis
524 1305 1082 1371 confirmationem
1145 1307 1327 1391 pacis
1384 1325 1563 1368 nunc
1608 1305 1844 1388 factae,
1889 1303 2018 1371 hoc
2061 1307 2341 1394 adjectO,
2453 1307 2583 1372 uod

233 1392 411 1474 ipsius
452 1392 629 1476 regis
673 1391 1007 1477 Ungariae
1051 1401 1117 1456 et
1161 1391 1368 1454 nostri
1412 1391 1626 1454 nuntii
1673 1390 1848 1456 circa
1892 1391 2129 1458 festum
2177 1392 2243 1458 S.
2289 1394 2424 1460 Mic
2472 1415 2580 1460 ae·

233 1475 296 1539 lis
336 1497 505 1540 nunc
548 1485 899 1542 venturum
942 1478 1069 1542 iter
1112 1478 1431 1562 arripient
1490 1485 1555 1541 et
1608 1477 1678 1540 in
1748 1475 1921 1543 festo
1990 1477 2306 1544 Omnium
2374 1479 2575 1545 Sanc-

232 1571 417 1626 torum
484 1564 783 1648 proxime
844 1562 1271 1648 subsequenti
1331 1583 1401 1628 se
1464 1561 1879 1627 dominorum
1942 1563 2377 1630 cardinalium
2422 1585 2577 1631 con-

231 1648 453 1731 spectui
498 1646 1032 1734 praesentabunt,
1078 1656 1144 1712 et
1185 1648 1748 1713 confirmationem
1795 1650 2039 1716 nostris
2099 1649 2470 1736 sumptibus
2493 1658 2583 1732 ¹et

230 1735 507 1819 expensis
552 1732 885 1799 obtentam
930 1735 1250 1800 faciemus
1293 1735 1423 1820 ipsi
1468 1735 1611 1819 regi
1656 1733 1994 1820 Ungariae
2039 1736 2381 1822 assignari.

372 1819 554 1884 Idem
622 1821 821 1886 etiam
891 1842 1009 1886 rex
1075 1841 1192 1907 per
1266 1841 1420 1885 suos
1487 1821 1790 1907 proprios
1853 1821 2134 1887 nuncios
2199 1820 2581 1908 impetrabit

230 1904 613 2057 copsimglesd
637 1905 1151 1973 confirmationis
1214 1906 1461 1988 literas,
1520 1907 1657 1972 suis
1719 1907 2030 1993 expensis
2090 1913 2158 1974 et
2201 1903 2578 1994 sumptibus

228 2012 297 2054 no
341 2013 393 2054 is
479 2013 565 2056 an
617 2012 707 2058 as.

375 2076 607 2142 Oreato
677 2098 834 2144 vero
892 2099 1069 2167 papa
1127 2077 1692 2145 confirmationem
1737 2077 2018 2145 eandem
2065 2077 2190 2143 sub
2234 2077 2435 2144 simili
2479 2079 2575 2144 vi·

140 2143 155 2170 ⁸
228 2163 583 2261 oissitudine
605 2164 902 2231 alterutri
925 2172 1219 2231 nostrum
1242 2163 1528 2232 dandam
1550 2163 1870 2232 faciemus
1915 2163 2238 2252 largiente
2284 2164 2572 2232 Domino

229 2250 550 2334 1mpetrari.

1292 2421 1485 2490 XIII.

372 2595 631 2660 Damna
672 2603 889 2661 autem
934 2595 1120 2659 illata
1164 2596 1319 2658 hinc
1362 2593 1519 2658 inde
1562 2595 2099 2682 compensatione
2143 2603 2374 2660 mutua
2417 2602 2573 2663 sunt

226 2679 468 2763 sublata,
506 2683 705 2766 juxta
748 2681 1223 2747 ordinationem
1270 2681 1536 2766 saepius
1581 2690 2032 2746 memoratam.

374 2767 459 2832 Ut
514 2768 720 2852 igitur
762 2768 1123 2854 praemissa
1165 2767 1479 2831 universa
1536 2774 1603 2832 et
1662 2766 1926 2852 singula
1967 2787 2088 2852 per
2131 2787 2253 2831 nos
2295 2767 2576 2831 inviola-

228 2847 418 2916 biliter
480 2853 915 2920 observentur
979 2873 1103 2916 nec
1163 2853 1687 2920 successivorum
1763 2862 2134 2938 temporum
2214 2853 2579 2920 mutatione

230 2935 463 3024 infringi
526 2939 797 3004 valeant
853 2938 962 3003 vel
1021 2936 1394 3024 aliqualiter
1451 2937 1784 3020 vacillare,
1836 2938 2210 3023 juravimus
2269 2944 2335 3001 et
2390 2937 2573 3021 jura-

230 3043 353 3089 mus
385 3026 571 3090 tactis
616 3024 1043 3112 corporaliter
1088 3025 1522 3088 sacrosanctis
1554 3023 1938 3110 evangeliis,
1983 3022 2337 3088 multorum
2383 3043 2568 3086 sanc·

228 3115 407 3174 torum
446 3111 745 3197 reliquiis
790 3120 857 3176 et
900 3111 1203 3175 vivificae
1268 3111 1485 3175 crucis
1551 3110 1750 3194 ligno,
1819 3109 2205 3196 adjicientes
2248 3117 2322 3174 ut
2363 3116 2570 3173 trans-

231 3214 454 3276 gressor
491 3197 997 3284 praemissorum
1044 3205 1304 3280 praeter
1345 3196 1659 3261 infamiae
1700 3202 1944 3276 notam,
1991 3216 2187 3284 quam
2232 3215 2318 3260 ex
2359 3202 2570 3259 trans-

232 3284 525 3362 gressione
546 3283 906 3370 juramenti
937 3283 1243 3362 incurret,
1292 3279 1561 3348 divinae
1592 3281 2023 3347 acrimoniam
2047 3282 2288 3347 sentiat
2305 3279 2572 3346 ultionis

328 3555 375 3623 ³⁵)
404 3559 588 3613 Eidem
623 3559 747 3624 paci
781 3573 846 3610 ex
880 3563 1033 3624 parte
1066 3559 1205 3624 regis
1240 3557 1517 3623 Ungariae
1548 3557 1749 3610 inclusi
1783 3556 1842 3607 hi
1869 3557 2252 3608 nominantur-2
2287 3553 2568 3620 Philippus

402 3629 723 3680 Francorum
776 3631 830 3678 et
888 3627 1124 3678 Karalus
1186 3627 1403 3678 Siciliae
1449 3642 1618 3694 reges,
1665 3625 1902 3679 Karulus
1941 3625 2128 3691 junior
2161 3624 2552 3690 primogenitus

400 3697 565 3762 ipsius
612 3697 753 3762 regis
805 3695 997 3748 Karuli
1031 3712 1195 3762 gener
1228 3695 1489 3762 Stephani
1522 3696 1684 3761 regis,
1731 3695 2014 3746 Michaelis
2049 3694 2288 3760 Angelus
2324 3691 2569 3744 Paleolo·

402 3781 499 3830 gns
548 3768 835 3832 imperator
888 3765 1232 3831 Graecorum,
1285 3763 1622 3820 Andronicus
1661 3761 1848 3828 junior
1898 3765 2190 3830 imperator
2245 3761 2566 3813 Graecorum

402 3849 561 3900 gener
606 3833 864 3900 Stephani
909 3836 1063 3902 regis,
1118 3836 1232 3886 Bou
1242 3834 1391 3885 slaus
1446 3833 1739 3884 cracoviae
1775 3837 1829 3888 et
1863 3831 2261 3898 Sandomeriae,
2315 3828 2565 3881 Boislaus

403 3903 617 3968 majoris
669 3903 945 3967 Poloniae,
994 3904 1284 3960 Heinrieus
1326 3903 1591 3954 Bavariae
1643 3902 1823 3966 duces,
1874 3903 2058 3968 generi
2113 3900 2371 3967 Stephani
2405 3900 2568 3963 regis,

402 3972 531 4024 Bela
566 3974 671 4023 dux
706 3972 773 4023 de
804 3973 1047 4024 Machow
1099 3977 1153 4022 et
1204 3972 1270 4023 de
1302 3972 1487 4024 Bosna
1518 3972 1683 4022 frater
1716 3972 1876 4037 reg-Is,
1929 3971 2182 4024 Urossius
2217 3985 2310 4020 rex
2345 3968 2594 4020 Serviae.

407 4047 455 4091 et
486 4041 787 4106 Stephanus
820 4041 963 4096 filius
999 4041 1117 4106 ejus
1145 4040 1327 4106 junior
1359 4055 1451 4095 rex
1488 4039 1712 4092 Serbiae
1746 4055 1910 4106 gener
1946 4039 2208 4104 Stephani
2224 4040 2378 4105 regii,
2415 4037 2561 4088 Swe·

406 4111 593 4162 tizlaus
633 4111 923 4175 imperator
972 4110 1327 4176 Bulgarorum
1380 4113 1434 4159 et
1481 4109 1594 4159 Leo
1641 4123 1806 4173 gener
1840 4107 2099 4174 Stephani
2133 4109 2295 4172 regis,
2329 4107 2564 4158 Ruteno-

409 4193 517 4228 rum
552 4177 675 4244 dux,
708 4179 979 4234 Mitislaus
1013 4180 1179 4236 frater
1212 4177 1454 4244 ejusdem
1488 4183 1540 4232 et
1574 4177 1767 4234 Wazul
1801 4175 1944 4228 filius
1981 4177 2242 4230 Waaulae
2278 4175 2428 4230 ducis
2453 4174 2562 4226 Ru-

412 4250 662 4314 tenorum,
698 4247 899 4321 aliique
930 4248 1133 4314 fideles,
1168 4248 1399 4306 fautores
1436 4251 1491 4304 et
1523 4246 1817 4304 familiares
1851 4247 2011 4318 regis.
