3150 5017
1234 356 1319 368 -
1404 320 1708 386 233-

280 517 409 582 pno·
446 515 576 576 me,
620 491 775 560 filiis
808 493 1193 576 heredibus,
1251 503 1317 560 et
1360 494 1852 562 successoribus
1873 547 1876 554 .
1899 496 2062 560 meis
2107 492 2434 578 ouinibus,
2482 492 2661 559 omni

286 582 539 646 action'i
582 589 649 646 et
712 580 1082 647 defensioni
1140 583 1237 646 rei
1285 580 1571 662 cuilibet,
1634 589 1698 647 et
1743 583 1920 646 omni
1955 581 2214 648 ‘auxil-io
2251 581 2424 670 j'uris
2470 601 2663 648 cano·

280 669 417 734 uici
467 667 573 733 vel
621 667 856 750 civilis,
918 667 1543 751 consuetudinibus,
1603 668 2202 751 constitutionibus,
2263 669 2328 736 e't
2385 669 2662 751 statutis,

283 755 545 842 gratiis,
590 755 956 842 privilegiis
1016 777 1133 820 seu
1192 754 1643 841 indulgentiis,
1748 755 1946 822 uibus
1989 779 2030 820 a
2073 757 2230 822 sede
2290 754 2667 844 apostolica,

276 842 389 908 vel
422 865 465 907 a
487 843 787 908 Romano
810 841 1127 930 Imperio,
1146 840 1649 929 quibuscunque
1673 865 1711 908 a
1739 845 1820 908 iis
1837 843 1942 908 vel
1977 841 2106 908 alio
2137 843 2452 909 Poloniae
2491 839 2668 930 prin-

282 929 550 1017 cipibus
599 938 699 996 est
724 931 1081 1016 provisum,
1128 951 1213 994 ne
1259 928 1625 996 alienarent
1669 935 1774 995 vel
1819 930 1968 995 aliis
2012 930 2420 1018 principibus
2466 929 2670 1015 subji-

282 1018 470 1083 ciant
514 1024 579 1082 et
624 1017 721 1082 eis
767 1016 1143 1102 homagium
1192 1017 1459 1098 faciant,
1528 1027 1594 1082 et
1637 1018 1788 1082 aliis
1834 1017 2336 1104 quibuscunque
2381 1027 2515 1083 tam
2560 1039 2668 1104 ge·

280 1102 645 1184 neralibus‚
713 1125 909 1189 quam
958 1103 1361 1190 specialibus
1421 1103 1786 1191 privilegiis
1832 1125 1948 1170 seu
2007 1103 2455 1192 indulgentiis,
2504 1125 2668 1191 quas

286 1213 411 1277 ego
459 1189 567 1254 vel
612 1191 891 1256 heredes
952 1193 1081 1256 mei
1142 1202 1485 1278 possemus
1546 1201 1780 1257 contra
1837 1192 2170 1278 praedicta
2234 1191 2342 1258 vel
2401 1189 2669 1278 aliquod

279 1277 775 1366 praedictorum
825 1279 907 1344 de
944 1279 1095 1366 jure
1142 1276 1432 1364 objicere
1478 1277 1586 1344 vel
1635 1278 1722 1344 de
1750 1279 1943 1361 facte,
1989 1299 2117 1365 quo
2165 1279 2324 1344 mihi
2369 1278 2476 1343 vel
2507 1283 2666 1342 suc*-

278 1362 679 1446 cessoribus,
725 1373 804 1430 ut
844 1373 1071 1430 contra
1104 1367 1337 1430 ³omnia
1382 1367 1745 1452 praemissa
1787 1365 1897 1432 vel
1937 1370 2178 1432 eorum*
2209 1365 2480 1452 aliquod
2528 1386 2668 1450 ege,

276 1451 420 1528 filii,
481 1451 763 1518 heredes
807 1461 873 1518 et
917 1473 1333 1518 successores
1394 1455 1525 1518 mei
1586 1455 1817 1520 venire
1861 1473 2222 1540 possemus,
2285 1463 2351 1518 et
2409 1473 2490 1518 ea
2532 1472 2666 1517 non

275 1549 677 1606 teneremus·
719 1537 829 1604 vel
890 1561 1021 1605 non
1084 1539 1608 1624 observaremus,
1669 1550 1942 1628 possent
2001 1548 2376 1628 competere·
2433 1549 2500 1605 et
2553 1537 2668 1604 ali·

277 1625 573 1714 qualiter
616 1625 985 1711 suffragari.

455 1712 538 1778 In
599 1714 789 1798 cujus
848 1714 941 1778 rei
1018 1714 1467 1778 testimonium
1528 1725 1595 1780 et
1653 1717 1853 1782 robur
1931 1722 2252 1800 perpetuo
2310 1715 2667 1780 valiturum

326 1799 1065 1886 raesens²privilegium
1112 1799 1485 1866 voluntarie
1532 1809 1598 1866 et
1644 1799 1927 1867 libenter
1971 1800 2181 1867 Vobis
2226 1803 2435 1883 trad0,
2494 1800 2670 1887 sigil-

272 1823 501 1953 lbrum
546 1889 673 1952 mei
722 1888 968 1974 proprii
1004 1896 1070 1952 et
1093 1887 1569 1953 venerabilium
1592 1897 1872 1974 patrum,
1921 1888 2331 1953 dominorum
2377 1888 2673 1954 Thobiac

277 1975 662 2059 Pragensis‚
707 1973 1103 2041 Theoderici
1152 1973 1616 2062 Olomucensis
1677 1975 2131 2061 episcoporum
2192 1998 2272 2041 ac
2317 1974 2670 2041 illustrium

276 2062 661 2148 principum
735 2061 1149 2127 dominorum
1196 2061 1519 2126 Bolkonis
1583 2063 1768 2127 ducis
1829 2061 2086 2127 Sleziae
2146 2071 2209 2128 et
2271 2061 2518 2128 domini
2583 2064 2664 2127 de

276 2148 712 2234 Lewenberg,
758 2158 955 2236 atque
1002 2147 1260 2217 Nicolai
1306 2149 1492 2218 ducis
1554 2149 1970 2236 Opaviensis‚
2032 2171 2157 2216 nec
2200 2172 2333 2236 non
2379 2147 2661 2217 honora·

274 2234 518 2302 bilium
575 2256 1005 2322 personarum
1068 2235 1401 2304 Cristanni
1462 2235 1976 2305 Brevnoviensis
2037 2235 2246 2303 sancti
2303 2235 2669 2318 Benedicti,

274 2323 583 2391 Jordani·
607 2321 851 2388 Montis
896 2322 1055 2388 Sion
1102 2323 1792 2398 Praemonstratensis,
1854 2322 2186 2410 Reynheri
2233 2323 2668 2390 Oladrubien-

275 2412 375 2476 sis
421 2411 643 2475 Sancti
690 2409 1031 2475 Benedicti
1078 2420 1144 2475 et
1187 2410 1461 2476 Henrici
1500 2411 1582 2476 de
1624 2409 1839 2477 Ossek
1885 2410 2342 2476 cisterciensis
2367 2410 2668 2476 ordinum

275 2495 621 2578 abbatum,
670 2496 1022 2582 Pragensis
1070 2497 1407 2580 dioecesis,
1470 2506 1535 2562 et
1579 2498 1869 2562 virorum
1923 2497 2400 2564 venerabilium
2468 2499 2671 2584 magi-

276 2591 567 2650 strorum
612 2583 822 2649 Ulrici
866 2584 1237 2669 Pragensis,
1298 2584 1341 2648 J
1345 2583 1624 2648 ohannis
1685 2583 2110 2662 Sadscensis,
2158 2584 2368 2652 Ulrici
2414 2584 2670 2651 Mielni·

280 2672 502 2738 censis
546 2679 611 2736 et
653 2669 852 2736 Pardi
894 2669 1410 2737 Boleslaviensis
1456 2670 1882 2738 ecclesiarum
1928 2674 2471 2759 praepositorum,
2533 2673 2671 2738 ma-

275 2759 473 2844 gistri
535 2758 836 2843 Gregorii
896 2755 1281 2842 Pragensis,
1364 2759 1612 2824 domini
1688 2758 1989 2824 Budislai
2051 2760 2530 2840 olomucensis,
2605 2767 2672 2824 et

278 2845 535 2910 domini
593 2843 1082 2910 Bartholomaei
1142 2845 1731 2932 Wyssegradensis
1775 2845 2201 2912 ecclesiarum
2248 2846 2671 2928 decanorum,

277 2932 371 2998 ad
432 2951 721 2997 mearum
768 2932 1159 3018 petitionum
1228 2933 1609 2998 instantiam
1658 2935 2060 3020 appensione
2104 2935 2174 2998 in
2218 2933 2669 2998 testimonium

276 3019 557 3088 evidens
602 3021 991 3088 roboratum.
2435 3021 2440 3028 ’

459 3107 629 3170 Acta
663 3114 829 3171 :sunt
871 3104 1036 3171 haec
1081 3106 1331 3192 Pragae
1360 3108 1431 3171 in
1464 3107 1709 3194 palatio
1755 3107 1936 3192 regio
1979 3107 2050 3172 in
2095 3107 2474 3193 praesentia
2517 3123 2668 3194 per-

285 3211 602 3258 sonarum
665 3194 967 3279 superius
1028 3214 1508 3282 expressarum,
1569 3200 1636 3258 et
1694 3194 1762 3259 in
1822 3195 2194 3280 praesentia
2233 3193 2556 3260 baronum
2603 3199 2670 3258 et

276 3279 605 3348 nobilium
636 3301 952 3363 meorum,
993 3280 1302 3346 videlicet
1334 3279 1659 3348 Sobieslai
1695 3281 1928 3346 ’udicis
1949 3289 2162 3347 terrae
2181 3279 2668 3362 meae,Jessko-

278 3369 389 3433 nis
436 3366 562 3432 bur
607 3366 830 3452 gravii
852 3367 1382 3451 Beuthumensis,
1431 3365 1672 3433 Branis
1701 3368 1764 3432 ai
1811 3366 2088 3454 dapiferi
2133 3369 2282 3450 mei,
2327 3366 2671 3440 Michaelis

279 3475 587 3520 maresca
616 3455 674 3517 ci
736 3455 885 3535 mei,
945 3454 1217 3519 Andrae
1280 3454 1438 3519 dicti
1499 3453 1700 3536 Brek,
1763 3453 2136 3520 Bernhardi
2197 3463 2264 3520 et
2319 3454 2672 3520 Theodrici

278 3540 590 3616 militum,
614 3539 1007 3622 Leonhardi,
1056 3540 1267 3624 Pauli,
1312 3539 1638 3624 Jesconis,
1689 3541 2006 3628 Stephani
2055 3552 2120 3609 et
2151 3541 2493 3630 Stephani,
2537 3541 2668 3606 Bu-

277 3629 485 3696 diwoi
530 3626 1051 3709 domicellorum,
1118 3627 1440 3693 nobilium
1489 3650 1784 3694 meorum
1846 3640 1914 3695 et
1971 3636 2184 3694 terrae
2244 3649 2428 3694 meae
2488 3649 2670 3715 prae-

280 3715 524 3796 dictae,
572 3723 638 3780 et
662 3715 729 3778 in
756 3716 1134 3801 praesentia
1179 3713 1500 3780 nobilium
1527 3717 1818 3781 virorum
1865 3716 1994 3782 Wo
2043 3717 2138 3792 eri
2185 3716 2268 3782 de
2312 3716 2674 3802 Lompnicz

282 3802 527 3868 summi
573 3802 917 3867 camerarii
963 3801 1149 3886 regni
1180 3803 1512 3882 Bocmiae,
1557 3802 1818 3868 Alberti
1864 3803 1944 3867 de
1991 3739 2246 3890 Seberg
2289 3801 2673 3868 marescalci

285 3889 593 3974 ejusdem
637 3889 827 3974 regni
870 3889 1205 3970 Boemiae‚
1252 3887 1497 3956 Sdislai
1544 3891 1628 3956 de
1675 3887 2036 3974 Sternberg
2079 3889 2432 3974 Pragensis
2479 3909 2674 3975 purg·

278 3977 516 4064 gravii,
543 3975 863 4041 Benessii
892 3975 973 4041 de
1001 3975 1464 4062 Wartemberg
1488 3978 1831 4042 camerarii
1881 3975 2175 4062 ejusdem
2225 3977 2498 4042 Domini
2545 3978 2674 4042 mei

277 4064 465 4148 regis
509 4062 819 4128 Boemiae
865 4061 1265 4146 Wenceslai,
1312 4064 1579 4132 Bavarii
1627 4063 1708 4128 de
1749 4063 2139 4130 Strakonicz
2184 4064 2568 4151 burggravii
2593 4063 2674 4132 de

278 4149 777 4236 Kling'enberg‚
840 4149 1167 4216 Protiwen
1253 4151 1337 4216 de
1410 4153 1754 4217 Borovsko
1815 4152 2155 4216 camerarii
2219 4153 2674 4218 serenissimae

280 4237 619 4304 Dominae
662 4257 854 4302 meae⁴
896 4239 1167 4324 reginae
1206 4237 1538 4320 Boemiae,
1584 4237 1842 4304 Alberti
1889 4238 2192 4326 dapiferi,
2241 4249 2306 4306 et
2346 4238 2674 4306 ›Joh‘annis

283 4324 373 4392 de
418 4322 861 4409 Michelsberg
908 4327 1265 4412 pincernae
1310 4327 1611 4412 ejusdem
1680 4328 1888 4412 regni,
1947 4325 2322 4414 Burghardi
2365 4319 2452 4394 de
2493 4326 2676 4393 Win-
