3150 5017
1174 318 1654 383 -121—

230 507 330 543 eam
364 492 625 554 tenebant,
664 492 829 543 veluti
868 489 1113 543 Glomaci
1161 490 1246 543 vel
1294 491 1601 543 Daleminci
1653 507 1773 542 cum
1825 496 1996 543 castro
2045 490 2288 543 Glomaci
2336 496 2389 541 et
2423 490 2589 545 altero

229 562 491 612 recentiori
526 560 723 624 Misefi,
758 560 983 612 Milcani
1020 577 1142 611 curn
1178 566 1352 613 castro
1388 560 1616 611 Budisin
1652 566 1707 611 et
1739 561 1950 627 Nifiani,
2000 562 2094 626 qui
2141 561 2359 627 propius
2413 561 2590 611 fontes

231 630 442 681 fluminis
478 630 643 681 Nisae
675 632 733 681 in
768 636 995 695 utraque
1032 630 1149 695 ejus
1200 632 1317 697 ripa
1360 631 1622 683 sedebant
1668 629 1885 695 (diversi
1933 644 1966 681 a
2012 630 2230 693 Niiicis,
2284 630 2590 681 inferiorem

230 704 409 767 partem
444 699 716 751 Mlidavae
752 700 1157 767 accolentibus.)

412 768 678 819 Bohemos
712 774 879 820 totam
913 769 1064 821 illam
1100 770 1371 835 regionem
1406 769 1614 821 Srbiam
1636 769 1956 835 appellasse,
1976 773 2201 820 testatur
2221 770 2444 821 Cosmas
2461 768 2590 818 Pra-

231 838 404 905 gensis,
440 838 890 905 chronographus
924 838 1200 900 Siloensis,
1233 844 1600 905 testanturque
1635 838 1954 905 diplomata:
1991 838 2176 889 Altera
2222 840 2311 889 via
2345 852 2451 902 qua
2484 838 2592 889 itur

230 908 545 974 perZribiam
583 912 639 959 et
675 914 756 959 est
790 910 963 959 exitus
998 908 1065 959 de
1099 908 1239 959 silva
1274 910 1331 959 in
1366 908 1518 959 illam
1554 916 1750 959 terram
1770 924 1864 974 per
1881 914 2112 959 castrum
2133 908 2361 958 Hlumcc
2389 906 2589 971 (Cosm.

234 976 385 1041 1041);
418 992 511 1027 rex
546 976 869 1028 wratislaus
902 976 1125 1029 collecto
1163 980 1395 1029 exercitu
1414 979 1582 1028 intrat
1617 978 1851 1029 zribiam
1887 984 1940 1028 et
1955 978 2220 1041 quoddam
2243 982 2472 1027 castrum
2493 990 2588 1025 no-

231 1049 351 1096 mine
384 1046 633 1097 Guozdec
667 1062 832 1112 prope
867 1047 1050 1097 urbem
1086 1048 1287 1098 Missen
1324 1047 1626 1098 reaedificat
1663 1048 1871 1113 (1087);
1919 1049 2114 1097 iterum
2149 1063 2240 1097 rex
2275 1046 2390 1096 Wr.
2425 1047 2591 1095 intrat

232 1116 434 1165 Zribiam
472 1131 594 1165 cum
632 1132 729 1167 suo
767 1118 1009 1167 exercitu
1046 1116 1257 1182 (1088)3
1294 1116 1475 1181 Bosiej
1514 1117 1579 1167 de
1615 1122 1774 1182 gente
1809 1118 2068 1167 Wrscuici
2103 1117 2371 1181 relegatus
2418 1118 2498 1165 est
2532 1115 2590 1163 in

233 1186 437 1235 Zribiam
476 1191 530 1235 et
561 1186 688 1235 inde
722 1186 925 1251 perexit
957 1185 1015 1235 in
1050 1186 1327 1236 Poloniarn
1351 1186 1563 1252 (1096);
1602 1186 1888 1237 Sobeslaus
1925 1188 2096 1237 tenuit
2129 1188 2269 1236 viam
2295 1184 2478 1236 volens
2498 1198 2592 1249 per

236 1255 441 1304 Zribiam
477 1256 707 1305 transire
740 1257 799 1305 in
835 1254 1111 1306 Poloniam
1151 1255 1365 1323 (1113);
1412 1256 1692 1307 conradus
1718 1256 1876 1320 jussu
1909 1256 2048 1320 regis
2083 1255 2306 1305 Henrici
2339 1254 2590 1318 Zyrbiam

232 1326 433 1375 vastavit
487 1330 541 1375 et
592 1324 703 1375 fere
736 1329 904 1377 totam
956 1324 1155 1375 delevit
1206 1323 1423 1391 (Chr-on.
1476 1324 1572 1378 Sil.
1625 1324 1816 1388 1189);
1854 1325 2122 1375 Henricus
2166 1326 2272 1375 dux
2319 1323 2590 1389 profectus

234 1400 300 1444 est
328 1395 381 1443 in
413 1393 668 1458 Zyrbiam
698 1393 856 1459 jussu
890 1395 1019 1460 imp.
1055 1394 1293 1457 Henrici,
1330 1396 1421 1459 qui
1456 1394 1694 1445 offensus
1744 1394 1920 1444 fuerat
1953 1392 2250 1444 marchioni
2291 1393 2439 1443 illius
2485 1396 2586 1441 ter-

235 1478 309 1513 rae
340 1462 555 1513 Alberto
594 1462 697 1526 (Id.
737 1464 923 1527 1196):
962 1477 1155 1513 navem
1190 1478 1283 1529 per
1317 1464 1531 1515 Albiam
1566 1464 1625 1513 in
1659 1463 1918 1515 Swrbiam
1957 1464 2187 1515 educant
2234 1468 2286 1515 ct
2333 1462 2592 1513 reducant

232 1532 373 1600 (Dipl.
412 1534 547 1583 1226
582 1534 711 1583 Erb.
748 1534 879 1599 Reg.
916 1533 960 1582 I.
998 1532 1141 1599 705).
1751 1580 1760 1589 ,

408 1602 669 1666 Tempore
707 1617 811 1666 quo
848 1602 1187 1668 episcopatus
1220 1602 1507 1668 Pragensis
1540 1604 1936 1667 Mienensisque
1982 1601 2228 1654 conditus
2275 1604 2371 1661 est,
2419 1599 2590 1649 Bohe-

232 1672 351 1720 miae
384 1674 436 1719 et
470 1670 663 1722 Srbiae
686 1672 799 1721 sive
814 1672 1091 1736 utriusque
1124 1670 1431 1723 dioeceseos
1467 1672 1702 1723 confinia
1736 1678 1963 1723 tractum
1997 1673 2258 1723 montium
2295 1668 2588 1735 sequeban-

233 1747 329 1807 tur-3
363 1740 580 1790 saeculo
617 1742 685 1791 X.
724 1745 777 1790 et
811 1742 905 1791 XI.
943 1740 1099 1791 Srbia
1136 1745 1249 1792 erat
1282 1743 1339 1791 in
1376 1742 1585 1792 dicione
1619 1742 1918 1807 principum
1955 1741 2434 1799 Theutonicorum3
2449 1737 2589 1802 jam-

230 1824 315 1874 que
346 1810 527 1860 eodem
562 1810 779 1861 saeculo
814 1810 911 1861 XI.
960 1810 1208 1877 singulae
1243 1816 1421 1877 partes
1458 1811 1575 1875 ejus
1615 1827 1735 1863 cum
1781 1811 2040 1861 Bohemia
2087 1826 2182 1876 pro
2235 1826 2294 1861 se
2343 1820 2587 1873 quaeque

230 1879 501 1929 consociari
534 1879 883 1947 incipiebant.
922 1880 1095 1941 Quam
1133 1896 1245 1931 rem
1280 1882 1327 1930 si
1362 1880 1519 1931 nobis
1553 1881 1714 1945 plane
1749 1880 1952 1946 liquere
1987 1880 2251 1946 volumus,
2288 1877 2592 1929 memineri-

232 1963 330 1998 mus
361 1953 583 2015 oportet,
617 1951 841 1999 nomina
876 1950 1100 2000 istarum
1139 1950 1417 2015 regionum
1454 1950 1668 2000 saeculo
1715 1948 1818 1999 XI.
1854 1955 1907 2000 et
1941 1950 2066 2000 XII.
2121 1964 2238 2000 esse
2293 1948 2591 2010 immutata,

233 2018 297 2066 ita
337 2024 395 2068 ut
440 2018 590 2083 regio
640 2018 1015 2078 Glomacorum
1068 2018 1153 2069 vel
1200 2018 1658 2069 Daleminciorum
1717 2020 1996 2082 „Misnia“,
2046 2020 2192 2084 regio
2239 2016 2594 2069 Milcanorum

236 2090 381 2147 „terra
413 2086 867 2150 Budissinensis“‚
910 2093 963 2139 et
999 2089 1147 2155 regio
1195 2088 1519 2139 Nisanorum
1556 2104 1621 2137 ex
1657 2093 1808 2151 parte
1863 2088 2138 2153 „Zagoad“
2176 2090 2602 2151 nuncuparetur„

418 2155 577 2207 Srbia
612 2172 777 2221 quum
814 2162 867 2207 et
901 2156 1155 2208 Misniam
1192 2164 1246 2208 et
1277 2159 1522 2223 regiones
1557 2156 1912 2207 Milcanorum
1933 2156 2405 2221 (BudiEinensem)‚
2435 2152 2593 2204 Nila-

234 2239 501 2289 norumque
536 2224 799 2291 (Zagozd)
836 2227 1287 2291 complecteretur,
1323 2228 1380 2276 in
1416 2227 1680 2278 dicionem
1716 2226 1993 2277 Wratislai
2029 2226 2101 2276 11.
2136 2225 2426 2276 Bohemiae
2443 2222 2594 2273 ducis

236 2294 378 2361 venit,
412 2295 575 2359 idque
608 2296 899 2345 donatione
916 2296 1139 2347 Henrici
1172 2296 1269 2347 lv.
1304 2298 1670 2361 imperatoris:
1708 2296 1849 2347 Duci
1885 2298 2204 2347 Boemornm
2249 2294 2481 2344 Misnam
2518 2292 2592 2341 ci-

230 2364 423 2413 vitatem
469 2380 591 2414 cum
654 2364 901 2415 omnibus
952 2365 1021 2416 ad
1070 2380 1188 2416 eam
1246 2366 1638 2431 pertinentibus
1689 2366 1936 2433 promisit
1976 2366 2264 2431 imperator
2309 2362 2591 2423 Henricus,

236 2438 279 2481 et
318 2434 391 2482 sic
434 2448 555 2483 eum
608 2438 662 2483 et
710 2434 825 2485 suis
875 2434 1113 2497 partibus
1162 2434 1377 2499 adjutor
1412 2442 1567 2498 esset,
1619 2435 1845 2486 adscivit
1883 2436 2082 2501 (Bruno
2130 2434 2196 2484 de
2249 2432 2390 2483 bello
2427 2430 2594 2492 Sax.).

236 2500 297 2551 At
326 2502 583 2567 Egbertus
620 2503 695 2553 11.
734 2502 1059 2554 marchionis
1112 2505 1335 2569 Egberti
1367 2504 1411 2553 I.
1456 2504 1615 2568 filius,
1659 2505 1729 2556 ab
1782 2506 2102 2570 imperatore
2144 2507 2356 2568 propter
2404 2500 2592 2552 infide·

239 2570 420 2621 litatem
469 2577 732 2635 remotus,
781 2588 830 2623 a.
894 2575 1026 2623 1077
1090 2574 1275 2623 urbem
1330 2574 1504 2625 Misen
1559 2576 1676 2625 suis
1735 2574 1993 2625 militibus
2057 2573 2356 2639 occupavit.
2439 2571 2596 2621 Wra-

232 2639 397 2690 tislaus
429 2641 781 2693 nihilominus
816 2656 867 2693 a.
908 2644 1043 2693 1086
1080 2642 1311 2693 Felicem
1349 2645 1654 2710 episcopum
1691 2644 2018 2695 misnensem
2054 2643 2112 2692 in
2147 2642 2336 2693 locum.
2359 2640 2595 2691 Bononia

234 2722 287 2757 ex
320 2713 627 2763 auctoritate
663 2711 806 2762 sedis
842 2712 1171 2779 apostolieae
1203 2713 1496 2776 substituit,
1533 2714 1831 2779 exiguoque
1865 2714 2118 2779 temporis
2154 2712 2330 2777 spatio
2365 2711 2596 2773 interpo-

232 2778 317 2827 sito
350 2780 428 2829 bis
460 2782 739 2847 regionem
773 2782 981 2832 Misnae
1014 2782 1219 2831 civitati
1256 2783 1565 2847 contiguam
1602 2784 1744 2845 visit,
1781 2796 1927 2834 anno
1964 2796 2157 2848 nempe
2196 2782 2328 2831 1087
2367 2783 2420 2829 et
2441 2778 2595 2842 1088,

240 2860 327 2910 quo
359 2848 577 2901 collecto
615 2850 849 2901 exercitu
880 2851 1103 2901 intravit
1142 2852 1407 2913 „Zribiam
1447 2866 1608 2917 quam
1645 2851 1772 2901 olim
1826 2853 1954 2918 imp.
1993 2852 2262 2902 Henricus
2308 2850 2366 2898 in
2414 2862 2596 2913 perpe-

237 2923 369 2967 tuum
414 2919 513 2969 sibi
566 2918 873 2971 habendam
923 2920 1246 2971 tradiderat“
1288 2921 1534 2987 (Ceam),
1574 2925 1627 2970 et
1639 2926 1868 2970 castrum
1921 2921 2168 2973 Guosdec
2191 2916 2493 2970 aedificavit
2511 2918 2600 2979 „in

236 2986 337 3052 ripa
366 2989 633 3040 Mlidavae
669 2990 907 3039 fluminis
943 3005 1111 3055 prope
1144 2992 1329 3041 urbem
1365 2992 1618 3041 Missen.“
1659 2988 1881 3056 (cosm.)

411 3059 471 3109 A.
512 3060 647 3109 1123
685 3059 951 3109 Henricus
988 3060 1052 3110 V.
1090 3061 1217 3124 imp.
1258 3059 1582 3121 „marchiam
1621 3061 1677 3108 in
1713 3058 1890 3109 Misne
1928 3059 2200 3128 Wigb'erto
2239 3056 2419 3108 comiti
2441 3055 2593 3106 Grei-

238 3128 376 3187 censi,
406 3128 663 3179 Judithae
700 3127 977 3179 Wratislai
1014 3130 1086 3179 H.
1122 3128 1267 3179 filiae
1304 3130 1511 3192 marito,
1550 3128 1800 3179 tradidit⁴⁴
1841 3128 2000 3191 (Ann.
2038 3126 2218 3193 Saxo),
2255 3125 2340 3177 vel
2376 3129 2437 3174 ut
2463 3124 2594 3175 Cos·

238 3208 335 3243 mas
364 3196 513 3263 Prag.
550 3197 647 3262 αἰὲς
688 3197 1045 3259 „marchionis
1079 3198 1239 3249 Dedii
1286 3203 1521 3247 extrema
1564 3199 1734 3264 stirpe
1769 3197 1880 3248 fato
1917 3200 2222 3262 exstirpata,
2257 3193 2420 3247 Dedii
2453 3207 2595 3243 mar-

237 3261 507 3316 chionatum
542 3266 759 3317 dederat
776 3267 1041 3331 Wigberti
1074 3267 1173 3317 sub
1211 3268 1558 3333 potentiam“,
1597 3267 1843 3318 Conrado
1863 3267 2270 3329 Saxonibusque
2309 3262 2594 3315 defenden-

237 3331 373 3397 tibus,
404 3337 489 3399 qui
527 3336 743 3401 quidem
763 3337 1071 3401 wigbertus
1085 3336 1199 3399 jam
1221 3351 1365 3387 anno
1383 3338 1624 3403 proximo
1643 3338 1886 3401 sequenti
1910 3338 2044 3387 1124
2063 3336 2177 3385 vita
2195 3334 2474 3384 defunctus
2495 3337 2595 3383 est.

413 3404 509 3455 1110
540 3410 751 3455 tractus
787 3406 1043 3471 antiquae
1081 3405 1269 3457 Srbiae
1307 3408 1396 3469 qui
1432 3408 1501 3457 ab
1537 3406 1660 3457 Albi
1700 3406 1863 3457 fluvio
1915 3405 2242 3455 occidentem
2292 3416 2478 3453 versus
2525 3400 2596 3451 ad

242 3468 500 3523 Mlidavam
537 3474 825 3539 porrigitur
860 3482 1021 3540 atque
1058 3490 1091 3525 a
1126 3480 1301 3526 castro
1337 3475 1521 3526 Donin
1553 3476 1702 3541 regio
1740 3475 1834 3525 Do
1853 3474 2171 3524 ninensis
2207 3470 2464 3536 appellari
2500 3485 2594 3536 po-

244 3542 345 3603 test,
378 3549 491 3607 post
524 3542 805 3593 Wratislai
856 3544 931 3593 H.
984 3546 1127 3609 regis
1176 3542 1379 3595 obitum
1426 3546 1618 3596 iterum
1667 3544 1766 3595 sub
1819 3549 2085 3609 potestate
2135 3555 2412 3592 caesarum
2465 3544 2596 3590 erat.

236 3605 387 3658 Prima
418 3610 530 3677 ejus
568 3613 731 3662 castri
756 3613 955 3665 mentio
974 3612 1033 3663 fit
1068 3614 1125 3663 in
1164 3614 1391 3665 cosmae
1430 3614 1709 3665 Chronicis
1743 3612 1812 3663 ad
1847 3628 1897 3663 a.
1939 3615 2073 3664 1107
2095 3616 2148 3663 et
2177 3612 2329 3661 1113.
2382 3608 2596 3672 (Metati

238 3683 343 3727 sunt
371 3689 539 3733 castra
574 3682 719 3733 circa
754 3682 1032 3733 castellnm
1070 3684 1271 3747 Donin,
1309 3680 1690 3733 Erkembertus
1723 3683 2026 3747 praefectus
2061 3681 2294 3733 caesaris
2329 3678 2386 3728 in
2421 3682 2595 3729 castro

238 3744 431 3815 Donin,)
481 3750 735 3802 Attamen
762 3750 879 3816 jam
916 3751 1249 3803 Wladislaus
1284 3752 1327 3803 1.
1366 3750 1474 3803 dux
1513 3767 1562 3802 a.
1605 3754 1736 3802 1121
1778 3752 2074 3803 dominium
2109 3754 2168 3801 in
2204 3753 2380 3801 castro
2413 3746 2598 3797 Donin

240 3813 427 3879 adeptus
464 3825 560 3881 est,
600 3820 740 3884 quod
774 3828 827 3870 et
861 3836 1193 3871 successores
1231 3822 1345 3887 ejus
1381 3826 1692 3872 tenuerunt:
1735 3823 1868 3871 1121
1909 3820 2238 3872 Wladislaus
2289 3814 2596 3868 reaedificat

246 3886 461 3948 oppidum
495 3890 709 3949 Donin3
751 3892 884 3939 1126
924 3890 1210 3941 Sobeslaus
1247 3892 1387 3956 cepit
1422 3890 1754 3941 Bracislaum
1791 3895 2203 3956 catenatumque
2239 3888 2389 3937 duxit
2424 3886 2482 3935 in
2507 3900 2595 3937 ca·

240 3953 419 4007 stellam
452 3960 669 4009 nomine
703 3960 919 4019 Donin3
962 3962 1097 4011 1139
1132 3960 1273 4009 idem
1310 3960 1415 4010 dux
1450 3960 1604 4010 uxori
1654 3959 1918 4025 Wigberti
1965 3959 2193 4009 contulit
2241 3956 2455 4007 tertium
2510 3955 2599 4006 de-

242 4024 415 4075 narium
450 4028 505 4077 in
541 4035 717 4079 castro
754 4029 937 4080 Doniu
975 4028 1231 4094 (Cosm.);
1272 4031 1407 4081 1160
1444 4030 1712 4080 Hem-icus
1762 4028 2060 4092 praefectus
2107 4027 2254 4078 urbis
2301 4026 2485 4076 Donin
2533 4026 2594 4075 in

244 4093 461 4145 comitatu
494 4097 782 4149 wladislai
816 4099 890 4148 H.
926 4100 1069 4164 regis
1117 4098 1222 4149 fuit
1272 4099 1421 4163 (Erb.
1475 4100 1608 4163 Reg.
1657 4098 1702 4147 I.
1755 4098 1901 4163 306).
1951 4096 2306 4161 subsequenti
2353 4102 2597 4160 tempore

242 4158 397 4213 Donin
426 4172 652 4217 castrum
688 4167 755 4217 de
788 4182 930 4218 novo
965 4168 1025 4218 in
1060 4168 1325 4219 dicionem
1362 4170 1594 4219 caesaris
1639 4168 1897 4233 pervenit,
1954 4166 2356 4229 marchionique
2404 4165 2594 4216 Misse-

243 4232 374 4280 nensi
404 4234 689 4301 obligatum
727 4242 822 4302 est,
860 4241 921 4286 ut
956 4241 1216 4288 testantur
1251 4238 1438 4289 literae
1473 4237 1732 4288 Friderici
1768 4237 1841 4285 II.
1878 4237 2005 4303 imp.
2040 4236 2152 4303 regi
2195 4234 2505 4304 Premyslao
2545 4233 2592 4286 1.

250 4310 291 4347 a.
326 4302 443 4354 1212
476 4304 628 4357 datae
667 4306 741 4372 (n.
780 4307 865 4369 25,
904 4304 1040 4371 VI.).
