3150 5017
1533 321 1968 385 ...32-

1688 580 1792 646 39.

1397 717 1452 802 J
1451 740 1548 801 us
1602 715 2083 823 Iglaviense.

1557 873 1670 940 Oc.
1720 874 1907 940 1249.

757 1015 966 1082 Iglavia
1003 1013 1263 1081 (sig-lava)
1300 1030 1496 1066 nomen
1531 1015 1767 1066 fluminis
1804 1015 2099 1078 antiquitus
2136 1019 2267 1079 erat,
2302 1015 2442 1080 quod
2468 1015 2591 1066 dein
2608 1013 2931 1066 translatum

553 1091 634 1138 est
667 1087 724 1135 in
761 1091 988 1136 castrum
1028 1085 1096 1134 ad
1131 1085 1330 1134 flumen
1366 1083 1723 1136 aedificatum.
1774 1084 2023 1136 Castrum
2058 1083 2212 1148 illud,
2250 1086 2413 1136 totius
2446 1085 2617 1152 iupae
2652 1085 2691 1134 i.
2728 1101 2775 1134 e.
2813 1100 2931 1150 pro-

549 1157 755 1206 vinciae
771 1160 965 1238 ’capua
1003 1155 1061 1202 in
1097 1155 1208 1202 solo
1246 1153 1458 1219 quidem
1474 1160 1645 1204 terrae
1663 1154 1934 1204 Moraviae
1970 1154 2063 1205 sed
2100 1157 2165 1206 ad
2198 1155 2319 1219 ipsa
2353 1153 2586 1206 confinia
2621 1159 2733 1204 erat
2768 1157 2935 1204 situm

543 1225 701 1288 juxta
733 1226 874 1274 viam
913 1239 1052 1288 quae
1086 1237 1120 1272 a
1155 1208 1337 1272 Zelivo
1376 1229 1427 1273 et
1462 1223 1616 1273 Habr
1652 1239 1681 1272 e
1717 1223 1977 1272 Bohemia
2012 1225 2070 1272 in
2106 1224 2403 1274 Moraviam
2438 1224 2555 1274 fert.
2593 1209 2797 1288 Zupani
2818 1223 2935 1272 sive

545 1295 800 1360 praefecti
837 1299 930 1343 aut
956 1292 1232 1342 castellani
1267 1293 1574 1358 provinciae
1610 1292 1945 1357 Iglaviensis’,
1984 1309 2207 1358 quorum
2226 1295 2445 1342 nomina
2478 1295 2741 1354 novimus,
2778 1297 2938 1342 sunt·

548 1361 805 1414 stanimir
839 1361 1138 1428 praefectus
1187 1362 1250 1411 de
1284 1362 1494 1427 Iglavia
1549 1363 1699 1424 1174,
1748 1360 1919 1414 Badis
1964 1362 2263 1428 praefectus
2309 1362 2375 1412 de
2419 1362 2541 1428 Igla
2577 1363 2729 1414 1214.
2799 1363 2936 1411 Erat

545 1435 710 1499 igitur
744 1433 954 1499 Iglavia
989 1436 1220 1482 castrum
1257 1431 1490 1482 universi
1525 1431 1651 1496 pagi
1686 1446 1781 1482 seu
1818 1431 2015 1498 Ξιιρειος
2054 1447 2228 1496 neque
2265 1433 2407 1482 enim
2442 1437 2685 1498 poterant
2703 1447 2817 1482 esse
2836 1431 2930 1481 Ξιι-

543 1504 672 1570 pani
707 1503 982 1569 praefecti,
1019 1501 1113 1550 ubi
1148 1515 1257 1550 non
1294 1506 1406 1551 erat
1440 1501 1596 1564 zupa.
1667 1523 1685 1534 x

751 1569 1060 1634 Premyslao
1099 1569 1329 1620 Otacaro
1367 1571 1410 1618 Ι.
1447 1573 1705 1634 regnante
1740 1569 2163 1635 argentifodinae
2198 1569 2273 1620 ibi
2292 1575 2418 1620 sunt
2450 1572 2743 1633 institutae,
2764 1575 2931 1635 atque

533 1641 651 1706 jam
686 1656 738 1692 a.
775 1641 910 1690 1227
947 1643 1389 1688 commemoratur
1427 1639 1711 1703 „magister
1746 1639 2005 1690 montium
2042 1639 2107 1689 de
2142 1639 2310 1705 Igla‚“
2350 1654 2399 1690 a.
2438 1642 2574 1691 1234
2610 1644 2789 1690 autem
2810 1641 2928 1704 „ju-

543 1711 660 1774 dex,
710 1709 1015 1760 urbm-arius
1061 1708 1325 1772 ceterique
1370 1707 1538 1772 jurati
1574 1708 1831 1760 montium
1866 1711 1925 1758 in
1958 1708 2126 1774 Igla‚“
2166 1725 2340 1775 neque
2378 1710 2597 1760 dubium
2646 1713 2742 1773 est,
2792 1709 2927 1773 quin

540 1779 702 1845 primi
737 1778 1114 1844 praecipuique
1150 1777 1378 1829 fossores
1414 1777 1730 1828 Theutonici
1764 1779 1977 1828 fuerint.
2017 1778 2125 1828 Sub
2162 1778 2483 1830 Wenceslao
2520 1780 2563 1830 1.
2598 1795 2722 1844 rege
2750 1779 2926 1841 „cives

538 1849 814 1900 montani“
854 1846 1279 1914 appellabantur,
1317 1863 1490 1912 neque
1526 1848 1761 1912 cuipiam
1797 1848 1902 1897 nisi
1936 1848 2068 1913 ipsis
2103 1846 2395 1899 Bohemiae
2424 1849 2657 1914 regibus,
2679 1847 2923 1913 aquibus

537 1917 673 1968 illuc
708 1917 865 1967 acciti
903 1921 1071 1980 erant,
1111 1917 1385 1980 parebant.
1450 1916 1649 1966 Iisdem
1684 1916 2010 1982 temporibus
2047 1917 2237 1968 fratres
2286 1917 2567 1984 hospitalis
2616 1917 2670 1968 S.
2714 1917 2923 1968 Mariae

539 1987 604 2038 de
641 1986 798 2038 domo
833 1985 1164 2037 Theutonica
1199 1985 1454 2036 sacellum
1493 1985 1545 2036 S.
1583 1986 1813 2036 Joannis
1848 1986 2123 2052 Baptistae
2173 1989 2233 2036 in
2280 1989 2495 2038 sinistra
2542 1987 2785 2054 Iglaviae
2816 1988 2919 2037 flu·

536 2057 696 2108 minis
731 2058 850 2122 ripa
885 2053 1156 2106 tenebant.

745 2127 872 2192 Ipsa
907 2126 1096 2176 civitas
1131 2129 1574 2174 commemoratur
1608 2125 1676 2174 iis
1714 2124 1926 2174 demum
1961 2125 2301 2190 temporibus,
2340 2141 2503 2190 quum
2532 2125 2648 2190 jam
2668 2129 2721 2176 et
2738 2126 2851 2174 vita
2868 2129 2919 2174 et

534 2195 770 2261 regimen
817 2193 1123 2245 Wenceslai
1159 2193 1206 2242 I.
1240 2195 1378 2260 regis
1413 2193 1482 2244 ad
1518 2192 1679 2243 finem
1715 2199 1983 2258 vergeret3
2034 2200 2145 2244 tum
2198 2199 2250 2245 et
2296 2210 2439 2246 nova
2474 2196 2665 2246 civitas
2735 2193 2916 2244 aedifi-

533 2273 656 2317 cata
689 2264 1074 2328 moenibusque
1131 2265 1338 2313 munita
1375 2267 1427 2313 et
1459 2262 1711 2326 parochia
1756 2277 1791 2313 a
1826 2263 2023 2314 sacello
2082 2261 2136 2314 S.
2172 2263 2400 2314 Joannis
2436 2265 2497 2314 B.
2534 2264 2603 2314 ad
2639 2263 2915 2315 eeclesiam

535 2334 590 2386 S.
625 2334 818 2384 Jacobi
854 2332 1115 2382 translata
1149 2336 1246 2382 est.

739 2404 805 2452 In
839 2402 1115 2452 notissimo
1151 2401 1248 2452 illo
1285 2401 1508 2452 discidio
1545 2401 1685 2466 quod
1736 2406 1911 2452 ortum
1950 2407 2029 2452 est
2064 2403 2201 2452 inter
2235 2417 2410 2468 regem
2448 2401 2825 2454 wenceslaum
2860 2407 2913 2452 et

531 2471 700 2524 filium
737 2471 852 2536 ejus
888 2470 1272 2534 Premyslaum,
1308 2471 1405 2534 qui
1441 2471 1631 2522 deinde
1666 2486 1759 2521 rex
1794 2469 1909 2534 ejus
1932 2472 2164 2521 nominis
2186 2472 2451 2522 secundus
2470 2474 2528 2522 in
2546 2473 2713 2538 patris
2737 2471 2910 2521 locum

531 2543 803 2604 successit,
841 2542 983 2590 cives
1021 2540 1348 2605 Iglavienses
1384 2554 1419 2590 a
1453 2556 1577 2605 rege
1614 2540 1929 2590 Wenceslao
1984 2545 2239 2591 steterunt
2261 2579 2275 2607 ,
2314 2542 2398 2592 cui
2447 2541 2504 2590 in
2553 2539 2908 2606 oppugnando

531 2615 703 2670 castro
739 2609 995 2676 Pragensi
1031 2625 1081 2659 a.
1122 2611 1256 2660 1249
1295 2609 1435 2674 quod
1471 2616 1624 2659 erant
1659 2610 1971 2660 bellicorum
2006 2615 2388 2660 tormentorum
2428 2625 2753 2676 operumque
2796 2625 2903 2660 ma·

533 2680 834 2731 chinatores
871 2679 1238 2740 sollertissimi
1276 2678 1543 2744 egregiam
1583 2693 1797 2746 operam
1832 2685 2114 2730 navarunt
2162 2679 2301 2730 Pace
2339 2685 2515 2730 autem
2564 2695 2703 2744 quae
2747 2679 2903 2744 paulo

530 2755 652 2816 post
705 2750 845 2800 inter
890 2753 1094 2814 patrem
1131 2747 1408 2813 filiumque
1445 2747 1530 2798 die
1569 2751 1652 2798 16.
1698 2749 1927 2814 Augusti
1979 2751 2111 2800 1249
2147 2755 2307 2814 pacta
2340 2755 2501 2813 atque
2536 2749 2780 2803 confecta
2814 2753 2905 2810 est,

526 2819 757 2884 plurima
793 2817 1070 2869 commoda
1107 2818 1312 2867 civibus
1349 2817 1745 2882 Iglaviensibus
1780 2823 1934 2884 parta
1972 2824 2111 2880 sunt,
2142 2833 2362 2882 quorum
2398 2819 2499 2872 hoc
2527 2825 2639 2870 erat
2674 2817 2761 2868 vel
2796 2831 2902 2868 ma-

526 2889 742 2972 azimum,
781 2888 921 2952 quod
957 2893 1178 2950 uterque
1212 2888 1458 2952 princeps
1482 2887 1833 2938 Wenceslaus
1868 2902 1959 2936 rex
1996 2892 2047 2936 et
2072 2887 2409 2952 Premyslaus
2445 2887 2720 2938 marchio
2694 2903 2820 2952 Jura
2839 2887 2902 2936 ab

522 2957 652 3024 ipsis
669 2959 965 3022 conscripta
1001 2955 1393 3018 confirmarunt,
1429 2956 1572 3006 unde
1608 2961 1794 3022 postea
1809 2955 2040 3020 plurium
2068 2957 2342 3007 civitatum
2378 2972 2472 3023 per
2498 2955 2807 3008 Bohemiam
2826 2961 2901 3006 at-

525 3043 632 3092 que
673 3027 970 3084 Moraviam
1017 3041 1116 3074 nec
1164 3040 1272 3074 non
1325 3025 1566 3090 regiones
1632 3025 1883 3075 finitimas
1932 3024 2058 3089 jura
2102 3025 2353 3090 legesque
2418 3027 2485 3076 ad
2532 3041 2643 3076 rem
2696 3027 2901 3081 civilem

523 3098 682 3147 simul
719 3112 783 3146 ac
817 3095 1142 3146 metallicam
1189 3095 1510 3159 pertinentes
1557 3096 1711 3158 quasi
1748 3109 1777 3144 e
1812 3094 1957 3144 fonte
1993 3095 2223 3160 quodam
2260 3101 2593 3146 emanarunt.

729 3167 776 3216 E
811 3166 1082 3229 prooemio
1141 3179 1245 3228 quo
1281 3168 1504 3228 uterque
1537 3165 1785 3230 princeps
1814 3162 1941 3226 jura
1970 3163 2067 3213 illa
2103 3164 2298 3216 additis
2331 3164 2551 3232 insuper
2584 3165 2711 3218 aliis
2746 3165 2898 3216 liber-

523 3233 724 3284 tatibus
762 3234 1156 3297 commodisque
1193 3232 1485 3293 confirmat,
1524 3239 1672 3297 patet
1705 3233 1887 3284 literas
1938 3233 2286 3296 quadriennio
2333 3235 2471 3286 inter
2516 3249 2719 3286 annum
2772 3235 2898 3284 1249

523 3303 651 3370 (quo
705 3318 810 3369 pax
863 3305 1004 3352 inter
1038 3303 1303 3368 principes
1341 3303 1608 3368 convenit)
1649 3307 1701 3353 et
1736 3314 1937 3353 annum
1992 3305 2126 3352 1253
2167 3303 2293 3369 (quo
2342 3319 2434 3354 rex
2478 3304 2823 3354 Wenceslaus
2856 3303 2895 3353 1.

521 3377 758 3423 mortuus
796 3371 893 3436 est)
929 3371 1208 3436 interjecto
1247 3387 1362 3422 esse
1398 3371 1685 3440 confectas,
1721 3372 1949 3423 fortasse
1979 3371 2133 3421 brevi
2168 3377 2517 3437 posteaquam
2552 3373 2761 3439 Iglavia
2789 3385 2895 3422 ma·

521 3442 666 3492 xima
703 3457 766 3492 ex
804 3447 954 3506 parte
989 3441 1298 3506 Premyslao
1334 3442 1631 3492 marchioni
1668 3456 1923 3492 concessa
1958 3446 2053 3503 est,
2092 3441 2233 3507 quod
2269 3443 2468 3494 factum
2496 3449 2576 3494 est
2598 3444 2739 3493 inter
2764 3443 2897 3492 diem

521 3513 606 3562 16.
647 3517 700 3562 et
733 3512 820 3562 20.
856 3511 1088 3575 Augusti
1127 3513 1280 3578 1249,
1331 3527 1436 3574 quo
1472 3527 1563 3560 rex
1600 3510 1889 3562 marchiam
1925 3511 2197 3562 Moraviae
2232 3527 2355 3562 cum
2390 3513 2635 3562 omnibus
2673 3514 2895 3564 attinen-

517 3581 606 3632 tiis
620 3579 731 3632 filio
751 3584 1100 3642 concesserat,
1122 3581 1298 3630 media
1314 3581 1588 3631 dumtaxat
1601 3585 1816 3630 moneta
1836 3581 1873 3630 J
1876 3579 2105 3646 iglaviae
2130 3581 2231 3630 sibi
2256 3585 2463 3632 retenta
2482 3581 2680 3648 (Cosm.
2704 3579 2894 3645 Cont.).

722 3650 823 3700 Jus
858 3649 1160 3716 Iglaviense
1191 3648 1362 3700 'tribus
1397 3650 1639 3716 partibus
1678 3656 1903 3712 constat,
1944 3664 2083 3713 quae
2120 3655 2272 3700 sunt·

722 3719 1070 3784 Privilegium
1105 3720 1244 3785 regis
1279 3719 1583 3770 wenceslai
1622 3724 1673 3768 et
1706 3719 2029 3770 marchionis
2077 3720 2391 3786 Premyslai‚
2439 3719 2799 3786 complectens
2832 3721 2891 3771 li-

511 3788 744 3840 bertates
765 3789 960 3839 civium
997 3789 1046 3854 (1
1071 3795 1122 3838 et
1147 3788 1243 3854 11).

722 3859 932 3910 Statuta
966 3858 1149 3908 civilia
1183 3858 1329 3924 (ΙΙΙ).

717 3927 855 3979 Jura
889 3929 1147 3979 montium
1185 3933 1238 3978 et
1272 3931 1645 3978 montanorum
1688 3927 1829 3994 (IV).

718 3998 966 4063 Optimus
1001 3997 1254 4047 orationis
1291 4001 1564 4047 contextus
1601 4001 1774 4048 exstat
1804 3997 1863 4046 in
1899 3995 2227 4062 autographo
2264 3998 2404 4064 quod
2437 3999 2494 4050 in
2526 3997 2793 4050 tabulario
2821 3999 2887 4050 ci·

510 4067 691 4118 vitatis
726 4067 1044 4133 Iglaviensis
1080 4072 1399 4116 asservatur.
1435 4066 1568 4131 Ejus
1616 4063 1915 4132 exemplum
1951 4065 2017 4116 ad
2053 4064 2208 4117 fidem
2256 4068 2574 4151 autographi
2608 4071 2888 4120 accuratis-

509 4138 644 4188 sime
679 4136 997 4201 descriptum
1034 4137 1229 4201 legitur
1263 4137 1321 4185 in
1357 4136 1491 4187 libro
1527 4135 1929 4188 Tomaschekii:
1967 4135 2265 4186 Deutscbes
2301 4139 2505 4188 Recht
2488 4154 2545 4188 ιιι
2562 4137 2887 4190 Oesterreicb

507 4205 581 4256 im
617 4205 771 4256 XIII.
806 4204 896 4256 Jh.
933 4205 1032 4255 auf
1075 4206 1381 4271 Grundlage
1431 4206 1523 4256 des
1573 4205 1931 4258 Stadtrechtes
1978 4220 2082 4254 von
2132 4206 2290 4271 Iglau
2342 4207 2522 4274 (Wien
2574 4206 2751 4274 1859),
2802 4206 2885 4272 qui

506 4275 641 4326 liber
694 4275 853 4324 etiam
911 4275 1178 4340 copiosam
1227 4281 1280 4326 et
1313 4275 1719 4341 perdiligentem
1749 4273 1885 4339 juris
1920 4274 2263 4341 municipalis
2298 4277 2711 4344 explicationem
2748 4291 2882 4327 com·

505 4343 777 4414 plectitur.
