3150 5017
453 307 734 356 ωιτη.
1391 285 1871 352 -350—

457 463 995 551 praemissorum,
1075 481 1164 526 ex
1237 481 1318 526 eo
1389 459 1701 526 nolumus
1782 459 2281 530 universitatem
2346 453 2841 544 ‘condempnari

459 546 862 629 colonorum,
925 546 1280 613 dummodo
1325 547 1450 633 ipsi
1495 567 1631 611 non
1676 547 2115 625 consentiant,
2174 566 2258 610 ne
2302 543 2469 611 illud
2514 541 2837 610 delictum

399 659 404 662 ·
456 644 670 700 ratum
716 634 1038 715 habeant3
1101 636 1260 719 quia
1317 655 1512 720 posse
1573 634 1881 699 resistere
1941 632 2261 713 adversis,
2304 639 2373 696 et
2416 651 2551 696 non
2594 628 2839 710 facere,

459 728 560 788 est
603 721 764 806 ipsis
810 722 1202 797 consentire,
1266 727 1330 786 et
1389 721 1456 784 in
1521 717 1648 784 hac
1740 728 1881 784 arte
1918 718 2293 785 ratihabitio
2330 725 2507 783 retro
2548 715 2837 782 trahitur

457 817 525 874 et
567 807 880 872 mandato
941 816 1378 892 comparatur.
1471 811 1530 890 ξ.
1575 807 1639 872 9.
1738 805 1945 872 lacuit
2004 807 2196 874 etiam
2254 802 2612 885 veteribus,
2673 825 2833 889 qua-

457 903 651 960 tenus
695 896 1152 980 unusquisque
1211 902 1564 959 montanus
1623 890 1751 957 hoc
1808 891 2003 958 modo
2055 893 2169 994 jus
2214 913 2407 958 suum
2454 889 2715 956 salvum
2761 889 2834 954 in

457 979 794 1048 montibus
840 981 1254 1062 mensuratis,
1301 980 1513 1045 laneis
1558 987 1627 1044 et
1670 977 2207 1046 concessionibus
2250 984 2715 1044 conservaret:
2763 975 2835 1043 Si

461 1067 679 1134 coloni
725 1068 964 1132 montis
1010 1069 1370 1133 mensurati
1416 1086 1645 1133 omnes
1690 1075 1941 1153 septem
1987 1066 2211 1132 laneos
2254 1063 2638 1132 excolerent
2682 1085 2835 1128 cum

462 1155 676 1220 tribus
722 1152 1246 1240 argentifodinis,
1305 1153 1534 1220 laneos
1579 1161 1798 1218 autem
1844 1172 1964 1237 pro
2010 1162 2187 1218 certa
2231 1153 2630 1237 proprietate
2678 1170 2833 1216 con-

461 1262 705 1324 cessos,
766 1241 1085 1327 cujusque
1151 1243 1437 1306 nominis
1499 1247 1913 1322 censeantur,
1975 1260 2121 1305 cum
2167 1261 2301 1304 una
2343 1236 2836 1324 argentifodinas

459 1336 526 1394 et
547 1327 760 1395 tribus
792 1325 1080 1406 aciebus,
1125 1337 1192 1392 et
1227 1329 1719 1394 concessionem
1745 1349 1893 1391 cum
1933 1348 2067 1392 una
2090 1325 2229 1393 sola
2252 1326 2393 1392 acie
2419 1322 2835 1391 solummodo

458 1413 766 1480 colerent.
855 1411 987 1480 Sed
1051 1413 1347 1479 moderni
1416 1412 1625 1479 multo
1671 1415 2106 1498 perspiciores
2153 1411 2507 1493 veteribus,
2555 1411 2831 1476 modum

457 1499 659 1568 alium
736 1499 1246 1585 complectentes
1308 1501 1615 1568 videntur
1686 1521 1980 1566 annuere
2054 1501 2123 1564 in
2185 1501 2535 1586 praesenti,
2592 1519 2834 1563 unum-

460 1608 788 1673 quemque
845 1586 1110 1652 laneum
1175 1587 1657 1673 argentifodina
1719 1589 1986 1674 propria
2043 1585 2481 1652 excolendum
2545 1594 2612 1651 et
2680 1605 2833 1650 cum

455 1683 556 1740 tot
600 1672 892 1755 aciebus,
939 1682 1098 1758 quot
1143 1675 1212 1739 in
1257 1696 1336 1739 eo
1381 1675 1524 1740 sine
1571 1672 1954 1740 colonorum
2002 1673 2499 1759 impedimentis
2589 1673 2835 1738 oterint

456 1759 827 1827 informari.
918 1763 976 1842 ξ.
1029 1762 1128 1825 10.
1174 1761 1490 1846 Idemque
1553 1760 1637 1826 de
1682 1757 1951 1826 aciebus
1996 1761 2063 1824 in
2115 1759 2532 1826 concessioni
2583 1780 2663 1823 us
2712 1756 2831 1824 ob-

457 1854 788 1930 servetur3
848 1866 1000 1910 nam
1065 1847 1240 1932 quod
1286 1869 1325 1912 a
1369 1845 1672 1932 pluribus
1740 1847 2097 1934 quaeritur,
2160 1845 2422 1911 facilius
2459 1845 2833 1926 invenitur3

453 1934 580 2000 hoc
638 1934 986 2019 ipsumque
1047 1935 1142 1998 rei
1200 1935 1609 2019 experientia
1654 1932 2077 2016 manifestat;
2138 1954 2291 1998 nam
2352 1933 2565 1998 multa
2622 1931 2835 1996 millia

456 2039 824 2086 marearum
870 2021 939 2084 in
985 2027 1161 2085 terra
1205 2040 1414 2104 usque
1457 2022 1526 2084 in
1574 2019 1749 2086 diem
1795 2020 2225 2086 novissimum
2286 2017 2607 2085 inutiliter
2650 2020 2835 2105 quie-

457 2108 711 2172 vissent
753 2115 820 2172 et
860 2104 1079 2171 adbuc
1125 2107 1557 2191 quiescerent,
1603 2106 1658 2172 si
1704 2108 1772 2172 in
1818 2108 1995 2171 omni
2019 2102 2455 2192 argentifodio
2500 2126 2635 2171 non
2681 2126 2831 2170 con-

459 2193 853 2258 cederentur
914 2193 1391 2273 concessiones,
1451 2193 1630 2258 lanei
1688 2201 1757 2258 et
1813 2195 1987 2259 acies
2044 2191 2447 2273 indistincte,
2491 2199 2703 2257 tracta
2748 2189 2831 2256 de

458 2280 814 2368 praeterito
879 2280 1282 2364 conjectura.
1365 2278 1562 2345 Unde
1632 2281 2007 2365 opinionem
2076 2281 2535 2345 modernorum
2608 2281 2681 2343 in
2726 2277 2833 2342 his

457 2367 670 2452 magis
719 2363 1176 2430 rationabilem
1241 2365 1687 2452 approbantes
1749 2367 2095 2431 statuimus
2155 2365 2384 2432 laneos
2445 2373 2511 2430 et
2569 2385 2830 2430 conces·

462 2455 685 2518 siones
752 2449 1110 2518 concedere
1178 2460 1245 2518 et
1308 2453 1504 2534 acies,
1563 2473 1693 2517 non
1759 2450 2061 2518 obstante
2121 2451 2505 2518 colonorum
2566 2459 2829 2517 contra-

456 2539 742 2604 dictione
810 2535 1123 2624 qualibet,
1185 2538 1561 2621 informari3
1620 2538 1985 2605 laneonarii
2048 2543 2219 2606 enim
2281 2548 2565 2605 sectores
2623 2537 2833 2604 multa

455 2624 719 2690 inutilia
763 2632 1078 2688 montana
1121 2624 1388 2690 assiduo
1414 2646 1532 2690 suo
1556 2622 1783 2690 labore
1820 2646 1899 2688 ac
1924 2626 2199 2692 modieis
2222 2626 2531 2711 expensis
2576 2625 2833 2690 faciunt

457 2711 811 2778 fructuosa.
856 2713 913 2793 ἓ.
967 2711 1067 2774 11.
1111 2710 1287 2777 Istae
1310 2733 1468 2778 vero
1493 2712 1953 2778 concessiones
1996 2713 2392 2800 quandoque
2433 2712 2603 2777 fiunt
2646 2731 2827 2798 pure,

500 2798 849 2885 nandoque
895 2796 1442 2881 conditionaliter,
1502 2798 1901 2885 quandoque
1940 2801 2142 2866 etiam
2186 2799 2272 2866 ad
2318 2807 2569 2866 certum
2616 2797 2832 2883 diem3

455 2821 625 2950 {unt
668 2888 864 2950 etiam
925 2883 1320 2971 quandoque
1380 2885 1882 2971 particulariter.
1970 2889 2031 2968 ἓ.
2081 2886 2179 2951 12.
2225 2887 2396 2953 Pure
2438 2895 2657 2952 autem
2702 2886 2833 2951 hoc

457 2971 651 3037 modo
673 2971 842 3036 fiunt
863 2971 1352 3038 concessiones:
1399 2993 1546 3037 cum
1568 2980 1886 3059 perpetuo
1917 2971 2359 3050 conferuntur,
2382 2972 2489 3038 vel
2511 2971 2831 3060 quamdiu

461 3058 678 3124 coloni
724 3058 887 3144 ipsis
931 3057 1156 3123 utifrui
1202 3059 1510 3143 poterint,
1557 3067 1624 3124 et
1668 3060 1722 3124 si
1747 3061 2048 3125 venerint
2084 3081 2235 3124 cum
2260 3081 2381 3124 sua
2402 3061 2833 3125 concessione

390 3177 401 3184 —
454 3144 566 3209 vel
632 3146 772 3210 acie
847 3145 934 3209 ad
999 3152 1285 3210 meatum
1363 3144 1801 3221 ordinarium,
1906 3143 2181 3230 uidquid
2254 3144 2375 3211 ibi·
2413 3146 2833 3212 exsecuerint

455 3231 539 3296 de
601 3229 890 3311 metallo,
953 3228 1022 3292 id
1065 3231 1354 3316 ipsorum
1402 3240 1520 3296 est.
1596 3233 1659 3313 ἓ.
1711 3232 1810 3298 13.
1923 3254 2073 3298 uam
2136 3233 2269 3298 cito
2329 3241 2547 3298 autem
2610 3232 2829 3299 coloni

453 3317 853 3403 principales
897 3316 1302 3382 transeundo
1349 3318 1434 3382 ad
1478 3319 1659 3403 ipsos
1718 3321 2159 3405 pervenerint,
2220 3329 2379 3385 tunc
2437 3320 2656 3385 statim
2714 3341 2831 3385 eos

453 3403 764 3468 recedere
811 3399 1155 3488 oportebit,
1207 3403 1372 3491 ‚quia
1431 3403 1825 3489 regulariter
1883 3427 2301 3471 concessores
2359 3407 2428 3471 in
2474 3405 2602 3471 hac
2644 3417 2831 3492 parte

458 3499 614 3554 sunt
659 3487 1059 3555 laneonariis
1106 3490 1409 3574 potiores.
1500 3494 1559 3573 ξ.
1612 3492 1714 3556 14.
1760 3491 1902 3557 Nisi
1944 3501 2105 3558 tunc
2148 3492 2471 3580 quidquid
2515 3513 2665 3557 cum
2708 3513 2835 3558 sua

464 3577 607 3641 acie
653 3574 895 3643 lucrari
939 3584 1230 3660 possent,
1263 3577 1358 3640 ·in
1421 3578 1847 3643 concessione
1906 3576 2034 3644 sibi
2093 3578 2271 3644 facta
2329 3578 2700 3666 specialiter
2744 3579 2835 3644 sit

463 3682 890 3748 expressum3
965 3660 1091 3726 hoc
1153 3661 1346 3728 modo
1409 3673 1585 3728 esset
1643 3665 1739 3728 eis
1789 3665 1904 3750 jus
1962 3664 2127 3731 adeo
2188 3665 2357 3730 forte
2415 3665 2831 3753 acquisitum,

499 3747 631 3812 uod
678 3747 844 3813 nulli
893 3746 975 3814 de
1022 3748 1160 3812 suis
1185 3748 1453 3814 aciebus
1501 3751 1739 3816 cedere
1764 3761 2174 3836 cogerentur.
2220 3755 2283 3834 ἓ.
2333 3753 2437 3818 15.
2480 3752 2614 3818 Sed
2656 3752 2833 3817 hanc

455 3857 492 3900 c
518 3835 840 3919 ansulam,
910 3833 1165 3900 scilicet
1233 3835 1593 3924 „quidquid
1644 3858 1793 3902 cum
1839 3859 1962 3904 sua
2004 3839 2147 3906 acie
2194 3837 2440 3905 lucrari
2479 3839 2829 3925 poterint,“

461 3923 529 3986 in
574 3921 1053 4008 praejudicium
1099 3921 1309 4008 princi
1361 3921 1562 3994 alium
1596 3923 1976 3990 colonorum
2024 3924 2557 3991 concessionibus
2597 3925 2831 3991 inferri

453 4008 764 4093 deinceps
855 4009 1074 4072 enitus
1119 4004 1306 4094 probi
1359 4030 1560 4091 emus,
1631 4011 1754 4075 etsi
1820 4011 1950 4096 ipsi
2019 4011 2235 4078 coloni
2281 4013 2591 4098 magistro
2640 4037 2827 4082 mon-

451 4095 537 4158 tis
583 4103 798 4160 corice
847 4093 1020 4160 endo
1055 4101 1445 4181 potestatem
1474 4095 1779 4164 dederint
1822 4098 2239 4183 generalem3
2285 4100 2425 4165 nisi'
2454 4106 2611 4168 tunc
2655 4103 2831 4168 inse·

341 4228 348 4234 -
452 4188 636 4245 ratur
681 4179 803 4262 „de
849 4181 1228 4258 colonorum
1277 4180 1550 4248 licentia
1596 4183 1952 4269 speciali“;
1998 4206 2151 4250 nam
2198 4181 2350 4288 plus
2394 4187 2591 4270 valet,
2648 4189 2833 4279 quod

456 4264 830 4352 specialiter
872 4266 1258 4351 injungitur,
1305 4288 1501 4355 quam
1549 4268 1727 4356 quod
1769 4269 2165 4356 generaliter
2210 4284 2588 4361 imperatur,
2633 4278 2829 4367 ipsis-
