3150 5017
1412 354 1846 419 ...16-

607 526 662 595 7.
705 526 1097 602 Tabe1·nam,
1145 538 1446 613 quaeest
1488 526 1678 591 radix
1724 529 2009 591 omnium
2062 526 2401 609 malorum,
2448 528 2622 593 unde
2670 550 2813 613 pro·

429 612 639 677 deunt
681 613 872 695 furta,
919 614 1286 695 homicidia,
1333 613 1658 699 adulteria
1702 626 1767 678 et
1810 623 2069 678 caetera
2112 613 2306 696 mala,
2352 624 2419 679 et
2461 619 2575 703 qui
2622 626 2813 702 parat

429 711 496 764 et
541 702 652 787 qui
701 714 990 787 paratam
1040 713 1392 787 comparat,
1441 700 1793 764 anathema
1836 702 1944 763 sit.

606 792 666 851 8.
715 787 844 869 Qui
906 787 1418 873 comprehensus
1477 786 1673 854 fuerit
1730 786 1931 871 hujus
1976 785 2257 853 violator
2303 787 2557 853 decreti
2603 786 2822 853 taber-

430 875 677 955 narius,
745 878 813 937 in
883 874 1096 939 medio
1143 872 1282 938 foro
1327 872 1411 937 ad
1459 872 1682 958 palum
1734 896 2092 960 suspensus
2138 882 2203 939 et
2248 896 2461 961 usque
2508 875 2595 939 ad
2642 875 2821 939 fasti-

357 1039 360 1043 Δ
429 958 610 1023 dium
661 962 1000 1045 praeconis
1047 980 1273 1025 caesus
1320 958 1677 1044 depiletur;
1731 979 1835 1024 res
1869 964 2093 1024 tamen
2140 962 2285 1046 ejus
2332 983 2464 1025 non
2516 962 2817 1025 infiscen-

426 1055 552 1125 tur,
601 1046 718 1112 sed
764 1058 951 1133 potus
996 1057 1250 1111 tantum
1297 1048 1364 1110 in
1410 1058 1650 1111 terram
1698 1046 2099 1133 projiciatur,
2163 1068 2249 1111 ne
2312 1048 2460 1134 quis
2524 1066 2821 1113 exsecra-

429 1130 550 1196 bili
601 1133 838 1197 baustu
884 1132 1234 1219 polluatur.

603 1220 664 1283 9.
709 1220 1044 1285 Potatorcs
1114 1231 1328 1284 aut-em
1395 1222 1447 1283 si
1509 1218 1900 1305 deprehensi
1965 1218 2229 1299 fuerint,
2291 1242 2422 1285 non
2488 1220 2671 1305 prius
2732 1218 2818 1283 de

428 1326 692 1369 carcere
757 1317 1011 1387 exeant,
1073 1324 1267 1393 quam
1331 1309 1400 1369 in
1454 1307 1685 1371 fiscum
1732 1306 1919 1370 ducis
1966 1308 2419 1393 unusquisque
2464 1328 2579 1371 ccc
2624 1328 2815 1370 num·-

435 1400 580 1477 mos
627 1403 993 1477 componat.

599 1478 704 1541 10.
753 1479 924 1542 Fora
972 1488 1187 1542 autem
1235 1478 1581 1543 dominicis
1628 1478 1859 1543 diebus
1906 1481 2172 1548 omnino
2220 1501 2302 1543 ne
2350 1476 2529 1561 fiant,
2602 1474 2807 1543 inter-‘-

431 1562 728 1645 dicimus,
792 1588 958 1649 quae
1021 1565 1166 1627 ideo
1229 1566 1514 1627 maxime
1560 1568 1625 1627 in
1674 1566 1773 1629 his
1833 1564 2253 1629 celebrantur
2297 1565 2699 1651 regionibus,
2746 1574 2817 1628 ut

431 1650 708 1713 caeteris
755 1650 988 1713 diebus
1031 1654 1165 1714 suis
1211 1662 1448 1713 vacent
1491 1652 1817 1737 operibus.

610 1738 702 1799 ll.
751 1736 820 1800 Si
867 1739 1014 1822 quis
1059 1750 1278 1800 autem
1327 1756 1520 1821 quam
1569 1739 1931 1819 dominicis,
1992 1748 2129 1821 tam
2175 1738 2357 1801 festis
2406 1736 2639 1803 diebus
2689 1760 2803 1823 pu-

430 1822 599 1885 blice
669 1822 752 1885 ad
822 1822 1166 1887 ecclesiam
1239 1822 1458 1886 feriari
1505 1824 1769 1888 indictis
1817 1827 1885 1887 in
1934 1824 2155 1911 aliquo
2204 1824 2427 1888 servili
2473 1846 2671 1909 opere
2716 1826 2811 1887 in-

429 1918 664 1975 ventus
733 1907 944 1989 fuerit,
1014 1911 1225 1993 ipsum
1289 1930 1454 1995 opus
1523 1922 1589 1974 et
1648 1911 1821 1997 quod
1889 1914 1956 1974 in
2032 1933 2228 1995 opere
2290 1920 2389 1974 est
2447 1913 2813 1987 inventum,

427 1994 951 2081 archipresbyter
1011 1995 1198 2059 tollat
1246 1997 1619 2080 jumentum
1698 2008 1762 2062 et
1808 2020 1922 2061 ccc
1968 1997 2151 2061 ducis
2197 2000 2264 2061 in
2310 1997 2538 2061 fiscum
2602 1995 2819 2061 solvat

430 2102 750 2146 nummos,
1854 2108 1859 2111 ·

609 2170 704 2231 12.
753 2168 1066 2233 Similiter
1127 2178 1193 2232 et
1238 2170 1348 2255 qui
1395 2171 1464 2233 in
1517 2172 1695 2254 agris
1742 2172 1884 2234 sive:
1927 2172 1994 2233 in
2042 2168 2225 2235 silvis
2274 2190 2425 2235 suos
2489 2168 2817 2255 sepeliunt

429 2267 735 2333 mortuos,
790 2254 985 2337 hujus
1055 2258 1144 2317 rei
1201 2269 1733 2341 praesumptores
1803 2256 2265 2320 archidiacono
2315 2256 2545 2320 bovem
2592 2263 2655 2317 et
2700 2274 2815 2317 ccc

427 2342 493 2403 in
541 2338 770 2403 fiscum
819 2340 1004 2403 ducis
1049 2342 1310 2405 solvant
1355 2364 1685 2428 nummos3
1736 2354 2062 2408 mortuum
2089 2354 2309 2407 tamen
2355 2345 2423 2406 in
2471 2338 2817 2428 poliandro

431 2426 722 2491 fidelium
773 2428 947 2490 humi
998 2428 1283 2490 condant
1329 2427 1561 2491 denuc.

1594 2724 1655 2789 8.

429 2856 596 2980 Lex
626 2856 1002 2971 Polonica·
1033 2858 1566 2943 Gredcanorum
1619 2859 1703 2942 in
1754 2858 2197 2941 Bohemiam
2246 2830 2807 2962 perductorum

1365 3056 1370 3061 .
1529 3000 1713 3063 1039.

535 3158 538 3161 ⁴
635 3134 759 3185 Dux
807 3136 1108 3187 Brecislaus
1155 3138 1197 3187 1.
1249 3136 1440 3189 incelis
1477 3139 1637 3187 castri
1676 3136 1823 3187 Gdec
1856 3138 1915 3185 in
1950 3135 2175 3186 polonia
2210 3134 2317 3200 siti,
2354 3139 2414 3183 ut
2447 3134 2553 3199 ipsi
2590 3133 2808 3197 flagita·
2908 3142 2917 3149 ·

427 3208 634 3263 verant,
682 3206 739 3253 in
783 3206 1094 3256 Bohemiam
1142 3208 1426 3273 perductis,
1474 3208 1619 3257 dedit
1667 3212 1869 3271 partem
1910 3204 2078 3255 silvae
2116 3220 2252 3269 quae
2288 3204 2578 3267 vocabatur
2616 3202 2809 3255 Cir-nin

431 3272 520 3333 (ad
569 3272 789 3324 fluvium
835 3276 1077 3325 Litavam
1129 3290 1292 3343 prope
1339 3277 1506 3341 Zdiei)
1559 3292 1665 3327 non
1716 3276 2005 3339 modicam3
2057 3273 2215 3325 simul
2255 3272 2332 3325 eis
2368 3288 2533 3321 unum
2572 3287 2636 3320 ex
2670 3272 2807 3334 ipsis

427 3341 748 3405 praefectum
786 3348 838 3392 et
864 3344 1098 3409 judicem
1134 3346 1424 3409 constituit,
1463 3346 1819 3408 decrevitque,
1858 3350 1917 3393 ut
1952 3344 2048 3392 sub
2087 3342 2273 3392 cadem
2312 3341 2429 3405 lege
2468 3356 2571 3405 qua
2608 3342 2664 3388 in
2700 3340 2804 3388 Po-

426 3412 576 3459 lonia
613 3414 696 3462 usi
731 3419 872 3479 sunt,
911 3426 1072 3477 quum
1107 3417 1212 3480 ipsi
1247 3422 1360 3464 tum
1393 3418 1579 3464 'eorum
1619 3416 1813 3480 posteri
1853 3415 2089 3463 viverent
2126 3412 2375 3477 (Cosmae
2412 3409 2629 3474 Ohrcn).

1592 3691 1650 3753 9.

738 3824 1124 3908 Brecislai
1175 3824 1233 3906 I.
1293 3824 1757 3909 constitutio
1814 3825 1907 3907 de
1962 3820 2471 3907 successione.

1520 3965 1712 4029 1055.

635 4102 933 4153 Brecislaus
979 4105 1023 4153 Ι.
1072 4103 1193 4167 dux,
1231 4118 1282 4159 a.
1325 4106 1456 4154 1055
1493 4104 1779 4153 exercitum
1825 4104 1882 4153 in
1918 4098 2254 4151 Pannoniam
2290 4096 2505 4153 ducens,
2560 4094 2713 4157 gravi
2747 4092 2811 4144 in

425 4174 599 4219 castro
637 4170 1002 4221 chrudimensi
1051 4173 1294 4237 pulsatus
1345 4179 1425 4222 est
1470 4173 1824 4237 aegritudine,
1873 4186 2032 4235 quam
2084 4175 2145 4217 ut
2196 4166 2361 4215 sensit
2394 4163 2567 4226 magis
2605 4165 2827 4235 magis--

429 4255 530 4303 que
553 4240 930 4304 ingravescere,
969 4244 1280 4294 convocavit
1302 4257 1398 4293 eos
1421 4244 1512 4306 qui
1537 4243 1670 4293 forte
1701 4242 1939 4303 aderant,
1973 4240 2239 4301 primates,
2275 4246 2580 4295 novumque
2624 4248 2833 4283 coram.-

427 4310 504 4360 eis
538 4308 768 4361 instituit
803 4312 1155 4361 successionis
1190 4314 1247 4361 in
1284 4312 1418 4361 solio
1455 4311 1631 4361 ducali
1668 4311 1921 4370 ordinem,
1940 4320 2115 4381 'quem
2146 4304 2473 4359 senioratum
2508 4301 2711 4351 dicunt.
