3150 5017
1475 271 1952 339 „232ss

409 474 428 489 ·-
515 441 749 523 rarios,
786 442 1064 527 juratos,
1110 442 1374 527 judices
1419 452 1484 509 et
1528 444 1879 531 magistros
1928 446 2247 511 montium
2292 462 2428 512 non
2484 444 2681 514 aliter
2712 444 2894 534 judi·

517 549 688 611 care,
750 549 948 614 quam
1009 531 1252 596 nostris
1309 528 1570 617 legibus
1632 540 1733 597 est
1800 552 2187 617 expressum
2238 538 2305 597 et
2349 530 2542 602 bonis
2586 532 2894 616 moribus,

518 616 634 701 qui
677 617 922 682 nostris
966 638 1100 682 non
1145 619 1635 684 contrariantur
1676 616 1959 703 legibus,
2006 618 2343 691 hactenus
2378 627 2481 685 est
2524 627 2895 702 servatum3

518 724 674 767 nam
719 700 1014 769 diuturni
1059 726 1272 771 mores
1317 726 1649 771 consensu
1708 706 2034 770 utentium
2097 704 2445 791 approbati
2507 706 2719 792 legem
2768 728 2897 775 me·

515 790 642 855 rito
686 789 1044 857 imitantur.
1093 795 1153 873 §z
1184 793 1281 857 10.
1329 791 1634 873 Querelis
1660 793 1836 857 enim
1861 790 2270 880 frequentius
2316 790 2731 877 subditorum
2778 814 2896 859 no-

518 884 801 942 strorum
848 886 914 943 et
959 876 1328 964 querulosis
1374 877 1774 946 clamoribus
1820 880 2088 946 excitati
2134 878 2612 965 compellimur,
2656 882 2731 946 in
2778 880 2899 947 hac

507 973 703 1051 parte
749 967 1106 1051 praeterita
1148 966 1518 1049 emendare,
1565 976 1632 1031 et
1676 967 1745 1032 in
1792 974 2113 1051 quantum
2157 988 2529 1052 possumus,
2576 968 2896 1035 adversus

513 1052 737 1117 futura
781 1073 1036 1135 cavere,
1083 1074 1168 1119 ne
1213 1061 1474 1120 nostrae
1519 1053 1684 1118 fiant
1728 1052 1909 1138 leges
1968 1051 2278 1135 ludibrio,
2342 1052 2697 1141 debitoque
2764 1054 2895 1121 fru-

515 1147 802 1204 strentur
847 1138 1109 1223 effectu,
1156 1144 1210 1205 si
1256 1142 1461 1207 nostri
1507 1139 1757 1206 subditi
1805 1139 1889 1205 ob
1938 1139 2269 1207 defectum
2305 1141 2609 1226 justitiae
2654 1142 2892 1229 priscis

513 1236 949 1312 gravarentur
993 1228 1303 1313 angariis,
1369 1250 1518 1293 cum
1565 1230 1635 1292 in
1678 1230 1973 1315 ipsorum
2020 1226 2483 1315 perturbemur
2524 1228 2891 1296 incommo-

515 1314 621 1379 dis
685 1323 752 1379 et
816 1314 1362 1401 prosperitatibus
1422 1316 1649 1401 utique
1709 1336 2185 1401 prosperemur.
2277 1314 2691 1401 Adjicientes
2738 1338 2891 1383 cum

516 1400 989 1469 deliberatione
1036 1410 1309 1485 matura,
1357 1401 1441 1468 ab
1485 1402 1795 1467 omnibus
1854 1400 2331 1468 inviolabiliter
2390 1401 2756 1487 observari,
2822 1414 2895 1469 ut

517 1488 1035 1576 quotiescunque
1094 1512 1134 1554 a
1193 1490 1523 1555 sententia
1582 1489 2095 1566 urburariorum,
2138 1490 2511 1576 juratorum
2556 1490 2663 1557 vel
2702 1491 2892 1576 judi-

519 1598 689 1654 cum,
755 1576 1146 1642 executione
1204 1587 1318 1642 aut
1379 1598 1418 1641 a
1477 1598 1741 1663 quocun
1792 1596 1875 1642 ue
1919 1578 2303 1661 gravamine
2346 1576 2545 1643 fuerit
2588 1577 2895 1665 appella-

518 1673 660 1730 tum
707 1672 1239 1750 provocatumve,
1299 1662 1475 1750 quod
1536 1664 1623 1729 ad
1683 1686 1777 1729 nu
1802 1664 1938 1730 lum
2000 1661 2203 1729 alium
2250 1663 2515 1741 aliosve,
2562 1686 2763 1751 quam
2814 1666 2899 1733 ad

519 1750 802 1816 Nostrae
847 1750 1239 1817 Serenitatis
1299 1750 1410 1817 vel
1455 1752 1582 1816 viri
1629 1750 1977 1816 clarissimi
2024 1752 2371 1817 camerarii
2432 1755 2619 1837 regni
2680 1755 2897 1821 nostri

519 1837 919 1903 audientiam
989 1837 1071 1905 de
1131 1846 1346 1905 cetero
1408 1860 1491 1925 ap
1542 1837 1782 1905 elletur
1823 1847 2339 1924 provoceturve3
2403 1860 2499 1921 ec,
2569 1839 2749 1928 quod
2816 1841 2897 1908 de

521 1935 738 1992 cetero
773 1926 930 2010 jura
971 1934 1432 1992 montanorum
1478 1862 1890 1992 ‹fecrevimus
1950 1924 2309 2007 decentius,
2372 1947 2567 2013 quam
2624 1926 2899 2011 alicubi,

515 2012 588 2077 in
634 2020 858 2078 nostra
880 2034 1142 2099 camera
1183 2034 1543 2095 remanere,
1590 2021 1656 2079 et
1678 2010 1765 2077 ad
1779 2019 2071 2079 nostram
2092 2011 2383 2099 regalem
2400 2014 2895 2101 providentiam

518 2121 778 2166 omnem
817 2100 989 2186 juris
1027 2100 1403 2183 editionem,
1441 2102 2047 2187 interpretationem
2088 2107 2153 2164 et
2190 2098 2709 2169 declaratio-nem
2752 2124 2895 2169 am·

519 2186 712 2253 modo
729 2188 1076 2274 pertinere,
1123 2185 1290 2252 nulli
1335 2208 1653 2274 personae
1697 2188 1767 2251 in
1813 2185 1938 2250 hac
1981 2194 2167 2272 parte
2198 2185 2305 2252 vel
2330 2188 2585 2253 civitati
2629 2194 2897 2275 praeju-

519 2274 763 2339 dicium
796 2283 861 2339 et
888 2274 1200 2360 injuriam
1221 2276 1612 2361 irrogantes,
1658 2295 1737 2339 eo
1756 2272 1933 2360 quod
1978 2271 2143 2339 nulli
2190 2274 2351 2339 facit
2396 2275 2729 2359 injuriam,
2778 2278 2895 2365 qui

513 2363 723 2428 utitur
755 2363 908 2448 jure
953 2383 1090 2427 sue.
1181 2361 1368 2427 Sicut
1411 2361 1587 2427 enim
1647 2362 1716 2425 in
1766 2359 2212 2448 subjectorum
2273 2370 2648 2427 nostrorum
2714 2384 2896 2429 com·

515 2448 730 2514 modis
791 2470 912 2514 nos
974 2447 1168 2514 decet
1227 2470 1371 2516 esse
1416 2447 1752 2527 sollicitos,
1800 2448 1895 2512 ita
1938 2446 2135 2513 etiam
2182 2449 2423 2515 nostris
2476 2448 2748 2535 juribus
2792 2452 2894 2516 in-

511 2534 792 2622 vigilare
836 2556 958 2599 nos
1002 2536 1328 2612 convenit,
1374 2557 1458 2601 ne
1505 2534 1663 2599 dum
1706 2535 1729 2599 i
1781 2555 2001 2599 sorum
2048 2534 2415 2621 dispendiis
2439 2536 2893 2621 providemus,

514 2622 585 2687 in
650 2623 857 2687 nostri
921 2624 1110 2707 regni
1189 2622 1533 2688 videamur
1591 2618 1729 2710 Juri
1781 2642 1858 2685 us
1924 2619 2355 2706 negIIgentes.
2442 2622 2553 2687 Ex
2614 2646 2755 2711 qua
2820 2646 2893 2691 re

459 2787 464 2793 ι
501 2708 807 2795 judicum
851 2708 1333 2795 ambiguitates,
1379 2732 1543 2796 quas
1588 2730 1675 2773 ex
1720 2728 2067 2773 causarum
2114 2708 2613 2795 quaestionibus
2662 2714 2895 2779 euenit

507 2797 771 2879 exoriri,
831 2816 1024 2863 aures
1089 2797 1416 2883 recipiunt
1476 2804 1762 2877 nostrae,
1824 2796 1879 2859 si
1940 2816 2073 2859 non
2132 2816 2173 2859 a
2232 2796 2423 2861 nobis
2460 2798 2637 2883 juris
2680 2800 2889 2865 inter·

509 2885 790 2971 pretatio
836 2904 1017 2949 mera
1059 2883 1403 2970 procedit?
1447 2882 1578 2948 Vel
1624 2884 1773 2969 quis
1816 2881 2041 2967 legum
2088 2883 2465 2968 aenigmata
2510 2884 2778 2953 solvere
2820 2894 2889 2953 et

511 2971 816 3037 omnibus
861 2971 1118 3055 aperire
1162 2970 1425 3037 videtur
1467 2970 1765 3051 idoneus,
1828 2970 1959 3033 nisi
2002 2970 2079 3044 is,
2126 2970 2233 3035 cui
2274 2970 2403 3038 soli
2463 2980 2615 3059 post
2654 2973 2883 3061 Impe-

505 3060 816 3124 ratoriam
859 3057 1278 3144 Majestatem
1369 3079 1440 3123 er
1474 3078 1759 3141 regnum
1820 3064 2119 3121 nostrum
2166 3056 2337 3142 legis
2406 3080 2555 3127 esse
2598 3058 2887 3127 latorem

507 3166 890 3211 concessum
911 3147 1060 3212 est?
1107 3145 1162 3229 ξ.
1191 3145 1291 3212 11.
1386 3144 1699 3211 radicatis
1720 3143 1921 3228 igitur
1944 3141 2323 3228 hujusmodi
2341 3146 2725 3213 ridiculosis
2752 3170 2892 3213 am-

505 3230 954 3316 biguitatibus,
1021 3232 1214 3297 nobis
1287 3231 1444 3297 solis
1513 3232 1843 3317 competit,
1913 3250 2063 3295 cum
2126 3232 2331 3297 simus
2390 3232 2505 3299 lex
2564 3235 2887 3317 animata,

503 3318 576 3383 in
634 3340 838 3405 regno
899 3326 1122 3384 nostro
1181 3318 1362 3405 leges
1424 3318 1737 3385 condere.
1772 3337 1851 3382 ac
1910 3315 2209 3383 conditas
2256 3318 2621 3397 declarare.
2714 3322 2889 3404 Quis

503 3405 681 3470 enim
724 3414 949 3471 tantae
993 3404 1339 3491 superbiae
1383 3404 1651 3471 fastidio
1695 3402 1987 3469 tumidus
2032 3413 2152 3487 cst,
2198 3413 2271 3470 ut
2314 3405 2606 3493 regalem
2650 3408 2725 3473 in
2758 3410 2889 3473 hac

501 3501 688 3581 parte
737 3514 1002 3559 sensum
1049 3500 1491 3579 contempnat,
1537 3492 1731 3557 nobis
1774 3491 1999 3560 invitis
2041 3490 2173 3557 sibi
2218 3501 2473 3559 tantam
2514 3496 2749 3580 regiae
2792 3495 2889 3561 di-

502 3580 772 3665 gnitatis
833 3578 1110 3665 gloriam
1157 3578 1586 3667 usurpando?
1662 3578 1795 3645 Sed
1839 3600 1979 3655 nos,
2046 3579 2162 3665 qui
2230 3602 2457 3647 sumus
2524 3584 2886 3669 aequitatis

501 3674 567 3732 et
602 3668 900 3753 justitiae
945 3675 1290 3749 amatores,
1336 3674 1410 3731 ut
1451 3666 1907 3754 unusquisque
1953 3665 2089 3731 suis
2135 3668 2432 3735 terminis
2478 3668 2565 3735 sit
2608 3678 2885 3736 conten·

500 3762 627 3836 tus,
687 3752 992 3819 nolumus
1039 3775 1182 3819 esse
1227 3755 1297 3817 in
1342 3752 1468 3817 hac
1510 3762 1699 3838 parte
1744 3754 1814 3817 in
1859 3754 2067 3818 nostri
2110 3756 2301 3841 regni
2343 3754 2726 3822 honoribus·
2758 3778 2883 3824 ne·

495 3841 841 3927 gligentes,
900 3840 1299 3925 generaliter
1370 3839 1676 3905 omnibus
1744 3837 1937 3905 nobis
1996 3842 2067 3904 in
2128 3862 2205 3906 eo
2266 3842 2881 3911 contradicentibus

495 3928 622 3992 hoc
667 3928 882 3994 edicto
925 3936 1317 4015 perpetuum
1363 3927 1695 3993 silentium
1742 3926 2163 4013 imponendo.
2210 3932 2269 4011 ξ.
2309 3931 2409 3996 12.
2455 3930 2625 3996 Item
2662 3932 2881 4017 jurati

493 4016 856 4081 sententias
916 4013 1002 4081 ad
1059 4017 1350 4101 ipsorum
1399 4014 1869 4100 maniloquium
1916 4035 2289 4098 suspensas,
2355 4015 2601 4084 debent
2646 4017 2880 4085 celeri·

493 4107 649 4178 tate,
711 4123 842 4188 qua
898 4111 1226 4188 poterunt,
1293 4102 1627 4189 expedire,
1689 4122 1814 4167 nec
1860 4099 2175 4167 simulent
2217 4104 2341 4169 sub
2387 4105 2628 4171 virtute
2673 4127 2875 4192 'prae-

495 4187 636 4252 stiti
667 4187 1030 4271 juramenti
1073 4198 1343 4277 propter
1385 4189 1611 4256 odiu'm
1656 4187 1764 4253 vel
1806 4186 2106 4255 favorem
2140 4200 2283 4256 au't
2338 4199 2591 4257 metum
2635 4212 2711 4258 se
2758 4192 2879 4258 du·

473 4269 724 4357 ‘bitare,
766 4274 882 4341 ubi
925 4296 1059 4342 non
1103 4275 1410 4343 dubitant
1453 4296 1534 4343 ac
1579 4274 2016 4343 dubitandum
2061 4298 2195 4345 non
2220 4285 2339 4363 est,
2384 4279 2523 4343 imo
2564 4286 2879 4347 tenentur
