3150 5017
1406 346 1880 415 ..302-

429 518 746 590 aientem
791 524 1205 611 concedant.-
1235 511 1244 523 ⁴
1273 520 1592 608 Alioquin
1636 524 1764 610 ipsi
1811 542 2154 588 scansores
2198 512 2281 587 de
2322 520 2592 586 licentia
2636 516 2834 583 urbu·

451 612 774 677 rariorum
835 607 1050 679 'dictos
1111 610 1277 675 fines
1337 609 1923 696 concessionesque
1967 608 2449 676 laboratoribus
2492 604 2839 671 conferant

452 697 826 783 expeditius
899 716 1018 785 pro
1085 698 1320 782 majori
1387 698 1807 783 proprietate,
1882 706 2014 785 qua
2079 696 2389 782 poterint,
2430 714 2509 759 ac
2553 692 2837 783 termino

452 784 770 862 breviore,
829 804 913 850 ne
973 792 1269 849 nostrum
1333 782 1845 868 argentifodium
1888 780 2025 847 ulla
2071 790 2256 869 parte
2299 788 2580 847 vacuu’m
2626 787 2835 869 rema·

455 878 614 957 neat
639 906 648 917 0
677 878 742 935 et
800 869 1159 952 incultum3
1225 868 1445 935 nullas
1489 879 1710 956 partes
1756 868 1901 949 sibi,
1947 866 2323 956 ubicunque
2370 860 2837 947 concesserint,

452 957 542 1023 ali
592 966 872 1023 uatenus
927 956 1352 1038 reservando,
1411 963 1486 1019 ut
1543 957 1641 1020 sie
1699 954 1785 1020 ab
1845 957 2008 1041 ipsis
2070 958 2285 1020 omnis
2330 953 2504 1020 mala
2551 952 2836 1039 suspicio

453 980 851 1115 suelevetur.
920 1048 978 1126 ἓ.
1025 1043 1087 1107 3.
1110 1040 1257 1107 'Est
1300 1042 1496 1109 etiam
1541 1062 1764 1107 eorum
1813 1042 2035 1125 officii,
2076 1040 2167 1106 ⁸ad
2208 1040 2593 1107 mandatum
2642 1037 2842 1105 urhu-

457 1134 779 1195 rariorum
844 1130 926 1195 de
986 1128 1292 1195 confiniis
1353 1129 1775 1215 quaestiones
1848 1130 2021 1195 inter
2064 1128 2608 1194 conterminarios
2655 1146 2843 1191 exor-

413 1238 418 1245 ·
458 1226 582 1298 tas,
629 1215 980 1282 tribuendo
1025 1217 1401 1303 unicuique,
1447 1214 1625 1301 quod
1673 1234 1863 1297 suum
1911 1222 2032 1298 est,
2078 1236 2391 1282 mensura
2451 1212 2676 1279 debita
2737 1210 2847 1277 de-

458 1304 687 1396 finere,
731 1304 1074 1369 veritatem
1135 1303 1278 1385 sine
1333 1302 1647 1389 ‘opinione
1709 1321 1968 1367 summa
2140 1286 2362 1369 dentia
2404 1297 2850 1387 ponderando,

463 1405 549 1458 ne
595 1388 677 1455 de
722 1389 896 1454 falsa
941 1394 1270 1473 mensura,
1336 1390 1507 1453 sicut
1563 1390 1777 1453 visum
1829 1398 1929 1454 est
1974 1390 2160 1471 aias,
2208 1389 2613 1477 inposterum
2663 1406 2852 1470 argu-

365 1494 398 1513 ’·
461 1484 678 1556 untur,
747 1470 874 1542 sibi
929 1468 999 1542 et
1057 1474 1210 1539 aliis
1270 1496 1546 1563 quorum
1610 1476 1899 1559 interest,
1962 1476 2327 1562 dampnum
2386 1493 2535 1539 eum
2580 1472 2857 1537 infamia

369 1576 376 1583 '
465 1562 964 1645 contrahentes3
1015 1582 1352 1650 nunquam
1399 1582 1557 1628 vero
1604 1563 1889 1627 confinia
1936 1560 2042 1626 vel
2088 1570 2331 1649 aquam
2388 1582 2507 1647 per
2564 1558 2856 1646 lapidem

460 1649 832 1715 divinando
877 1650 1228 1715 sentiment
1263 1647 1588 1734 judicare.
1680 1653 1740 1731 ἓ.
1786 1650 1847 1714 4.
1917 1648 2079 1713 Item
2128 1658 2204 1713 ut
2256 1647 2543 1713 'audacia
2605 1648 2678 1711 in
2730 1644 2858 1711 hac

511 1743 654 1800 arte
700 1737 1087 1800 auctoritate
1133 1742 1382 1800 temere
1425 1734 1825 1820 'litigantium
1874 1743 2347 1821 compescatur,
2394 1732 2702 1799 volumus
2756 1750 2859 1797 ur-

460 1752 772 1887 tux-arios
819 1840 904 1887 ex
948 1829 1226 1909 utraque
1270 1826 1455 1908 p'arte
1503 1821 1901 1909 compellere
1944 1820 2300 1907 litigantes,
2359 1820 2443 1885 de
2488 1825 2607 1887 sua
2650 1840 2855 1907 pecu-

465 1910 596 1985 nia,
641 1929 775 1975 non
820 1925 976 1974 cum
1023 1904 1308 1992 metallo,
1356 1928 1739 1973 scansorum
1788 1908 2129 1974 laboribus
2176 1906 2541 1995 aequaliter
2582 1914 2855 1992 respon·

467 1994 640 2060 dere.
731 1999 793 2077 ἓ.
854 1997 914 2061 5.
974 1993 1054 2059 In
1117 2016 1248 2059 uno
1311 2003 1530 2062 autem
1594 2015 1773 2078 casu,
1834 2017 2029 2083 quem
2091 1994 2267 2060 infra
2312 1994 2395 2060 de
2439 1984 2859 2059 mensoribus

465 2101 807 2169 ponemus,
852 2080 1039 2146 nulla
1053 2080 1474 2147 scansoribus
1497 2090 1788 2168 potestas
1818 2084 2132 2169 competit
2156 2079 2617 2168 cognoscendi,
2667 2087 2865 2166 prout

465 2167 559 2233 ibi
603 2168 863 2254 plenius
909 2167 1264 2233 edicemus.
1354 2171 1418 2249 §-
1464 2170 1523 2235 6.
1571 2166 1705 2235 Sed
1750 2189 1899 2234 cum
1948 2169 2236 2233 officium
2284 2188 2668 2233 scansurum
2714 2186 2862 2251 gra-

465 2276 582 2327 ves
643 2262 710 2320 et
768 2252 1070 2321 assiduos
1105 2254 1430 2342 *requirat
1487 2253 1768 2338 labores,
1822 2255 1917 2321 ad
1978 2254 2105 2321 hoc
2147 2254 2483 2341 eligantur
2526 2273 2858 2340 personae

465 2330 729 2406 habiles
789 2347 1122 2426 expertae,
1192 2362 1362 2427 quae
1421 2342 1679 2428 possint
1737 2364 1856 2429 per
1917 2364 1985 2407 se
2032 2343 2210 2429 ipsas
2270 2351 2338 2407 et
2382 2340 2594 2406 sciant
2638 2341 2863 2427 ipsum

468 2424 783 2507 officium,
829 2434 1026 2512 prout
1071 2434 1280 2492 status
1327 2426 1648 2493 montium
1696 2430 1987 2515 requirit,
2040 2427 2284 2494 utiliter
2330 2444 2656 2509 exercere,
2720 2426 2867 2513 qui-

469 2510 596 2577 bus
641 2513 970 2579 urburarii
1017 2512 1103 2577 ad
1145 2532 1409 2579 omnem
1454 2513 1865 2597 fidelitatem,
1911 2515 2394 2601 utilitatemque
2428 2514 2599 2579 sicut
2622 2512 2869 2578 ceteris

475 2596 873 2664 officialibus
920 2607 1207 2666 statuent
1240 2601 1716 2687 juramentum.

1500 3035 1675 3119 Cap.
1718 3034 1842 3107 xl..

1284 3154 1385 3219 De
1428 3152 1640 3241 officio
1684 3173 2055 3221 mensorum.

655 3298 717 3377 §-
767 3300 822 3360 1.
900 3290 1208 3360 Officium
1271 3312 1651 3357 mensorum
1710 3312 1751 3357 a
1796 3291 2205 3378 sapientibus
2249 3290 2703 3360 introductum
2752 3304 2887 3377 est,

483 3380 566 3447 de
611 3380 916 3446 confiniis
961 3384 1378 3465 quaestiones
1425 3379 1599 3443 inter
1636 3379 2189 3443 ·conterminarios
2236 3378 2656 3463 mitigandas,
2704 3400 2885 3467 quae

479 3469 611 3533 nisi
655 3485 776 3554 per
821 3460 1158 3532 mensores
1204 3472 1510 3552 poterant
1554 3485 1865 3532 mensura
1910 3463 2133 3530 debita
2179 3462 2473 3531 diffiniri.
2520 3470 2580 3549 §-
2628 3466 2692 3532 2.
2742 3464 2883 3534 Sed

478 3566 711 3619 omnes
769 3553 856 3617 'de
916 3552 1213 3617 terminis
1271 3549 1378 3616 vel
1441 3550 1745 3616 confiniis
1807 3550 2095 3617 diffinire
2140 3550 2224 3616 ad
2270 3550 2560 3617 officium
2609 3568 2881 3619 scanso-

479 3660 628 3725 rum
672 3638 1024 3726 pertinent,
1070 3646 1144 3701 ut
1180 3638 1321 3724 jam
1368 3634 1616 3702 dictum
1649 3645 1768 3719 est,
1815 3637 2269 3726 quaestiones3
2315 3646 2784 3726 praeterquam
2810 3642 2881 3704 in

480 3726 609 3792 hoc
656 3746 832 3808 casu,
878 3725 932 3789 si
979 3724 1126 3811 quis
1171 3726 1240 3788 in
1287 3724 1605 3809 pendenti
1651 3723 1760 3789 vel
1788 3725 2050 3811 jacenti
2094 3724 2380 3811 alicujus
2424 3728 2671 3791 montis
2694 3735 2878 3793 m'en-

475 3812 690 3879 s'urati
735 3819 1025 3877 meatum
1056 3808 1385 3876 invenerit
1415 3808 1724 3892 alienum,
1770 3821 1836 3877 et
1879 3809 2235 3893 dubitetur,
2280 3830 2367 3876 an
2412 3811 2589 3877 idem
2614 3822 2882 3879 meatus

484 3900 574 3964 sit
617 3905 808 3963 extra
851 3914 1227 3963 mensuram
1268 3898 1342 3961 in
1388 3916 1625 3983 campo
1670 3896 1899 3981 libero,
1946 3919 2034 3962 an
2077 3897 2254 3963 infra
2288 3918 2667 3964 mensuram
2694 3920 2882 3965 mon-

476 3987 569 4050 tis
607 3984 947 4071 *ejusdem3
993 3985 1062 4048 in
1090 3982 1275 4070 (quo)
1301 4002 1460 4049 casu
1485 3983 1823 4071 litigantes
1848 3983 1933 4050 ad
1955 3984 2242 4051 invicem
2288 3983 2697 4051 unanimiter
2732 3994 2880 4051 'tres

361 4141 368 4150 ,
439 4064 732 4157 'eligant
796 4072 975 4135 viros
1027 4084 1418 4135 ‘communes
1476 4069 1752 4135 idoneos
1798 4078 1864 4135 et
1910 4066 2235 4137 disci-etos·
2295 4080 2361 4137 et
2405 4080 2719 4159 quartum
2764 4092 2878 4137 ur·

483 4154 732 4222 bin-arii
793 4152 1253 4259 'supessdd‘ant
1307 4156 1557 4222 eisdem
1578 4204 1597 4241 ‚
1702 4158 1775 4247 ui
1830 4152 2139 4248 neutrubi
2200 4180 2241 4223 u
2270 4150 2371 4224 lais
2450 4161 2677 4247 pa‘rteb
2752 4146 2875 4223 ba-

484 4242 706 4325 boant,
735 4242 838 4333 ad
879 4252 1074 4313 istam
1123 4242 1520 4333 discerdiam
1555 4242 1657 4333 ‚fin
1689 4243 1947 4335 endam.
2009 4243 2078 4327 ξ.
2126 4245 2187 4310 3.
2226 4243 2311 4329 Ei
2350 4252 2509 4329 ver‘o
2546 4246 2667 4311 ‘isti
2750 4246 2871 4309 'tra'-

485 4337 636 4395 tuor
675 4330 780 4395 sic
811 4328 1012 4395 ‘electi
1050 4328 1372 4417 ‘praestito
1405 4330 1791 4416 juramento
1836 4330 1994 4419 quie
2032 4328 2307 4416 sasiunt,
2352 4331 2508 4399 hinc
2524 4330 2686 4402 inde
2706 4264 2867 4397 Eds-

3122 2318 3125 2485 ⁴

3120 2582 3123 2747 J

3118 2828 3121 3009 9

3116 3124 3119 3271 f

3111 3366 3117 3533 Ι
