3150 5017
1310 343 1393 358 -
1482 307 1614 374 252
1701 345 1784 356 --

358 479 753 548 incertitudo
809 479 1177 548 succedens
1222 481 1623 568 quandoque
1677 480 2048 562 resuscitet,
2107 501 2274 568 quas
2317 480 2732 547 intercedens

356 567 711 635 concordia
755 567 1079 654 sepelivit.
1392 585 1399 591 '
2373 588 2400 600 ··
2437 605 2444 616 -
2519 604 2524 613 ·

528 653 812 720 Proinde
875 676 998 720 nos
1044 651 1496 721 Theodericus
1542 655 1669 721 Dei
1715 649 1940 740 gratia
1979 654 2460 722 olomucensis
2487 654 2734 740 episco-

360 765 502 830 pus,
546 750 804 807 vestrae
847 742 1287 807 ‘universitati
1348 742 1630 808 facimus
1689 741 2130 823 manifestum,
2195 740 2372 827 quod
2417 751 2559 806 ort'a
2585 763 2590 768 ·
2595 739 2738 827 jam

359 829 605 895 dudum
650 831 825 894 inter
886 849 1007 893 nos
1067 850 1151 894 ex
1210 851 1345 893 una
1410 838 1618 916 parte,
1677 837 1742 894 et
1787 831 1958 894 inter
2013 828 2336 894 illustrem
2373 825 2737 893 “dominum

356 915 745 982 Meskonem
794 914 1027 982 ducem
1073 916 1563 1002 Tessynensem
1627 917 1903 980 materia
1947 911 2371 1001 quaestionis,
2418 933 2504 980 ex
2547 917 2736 1000 gravi

272 1049 275 1052 ι
358 1001 684 1068 discordia
732 1003 1046 1068 suscitata
1108 1023 1310 1086 super
1371 1004 1561 1068 metis
1623 1011 1690 1068 et
1753 1003 2052 1067 terminis
2114 1003 2292 1088 apud
2355 1001 2736 1068 Ostraviain

353 1092 422 1155 in
466 1088 711 1154 finibus
755 1089 1079 1154 bonorum
1126 1090 1547 1175 episcopatus
1603 1091 1812 1154 nostri
1857 1097 1924 1153 et
1968 1088 2248 1154 ducatus
2291 1083 2730 1174 Tessynensis

351 1196 469 1263 pro
514 1197 614 1259 eo,
658 1175 835 1262 quod
878 1174 1319 1240 fluviusidem
1346 1177 1662 1241 Ostravia
1682 1179 1796 1262 qui
1843 1175 2111 1240 deberet
2159 1184 2364 1262 metas
2395 1174 2731 1263 ,Poloniae

356 1272 423 1328 et
464 1264 803 1328 Mox-aviae
849 1263 1269 1347 distinguere,
1330 1285 1464 1328 non
1528 1272 1843 1350 perpetuo
1901 1281 2098 1327 cursu
2141 1283 2262 1350 per
2303 1277 2505 1352 unam
2553 1263 2728 1326 viam

354 1348 633 1432 ducitur,
680 1347 796 1414 sed
836 1349 1167 1414 fluctuans
1212 1349 1592 1435 aliquande,
1637 1349 1771 1415 anti
1825 1365 1979 1413 uum
2007 1349 2248 1414 locum=
2274 1350 2396 1413 sui³
2420 1345 2736 1414 transitus

364 1437 695 1516 deserens,
736 1437 994 1501 invenit
1036 1457 1280 1500 novum
1328 1457 1613 1518 cursum,
1659 1446 1726 1502 et
1746 1371 2148 1522 aliquotiens
2186 1455 2412 1521 agros,
2445 1453 2734 1520 campos,

367 1561 369 1563 >
411 1532 557 1588 rata
600 1523 707 1589 vel
771 1521 974 1588 rubos
1035 1531 1151 1586 aut
1217 1523 1420 1588 silvas
1482 1532 1858 1611 spectantes
1917 1529 1987 1586 in
2032 1521 2398 1588 Moravziam
2461 1521 2570 1586 vel
2615 1522 2737 1586 Po-

382 1610 627 1688 oniam,
670 1608 983 1674 derelicto
1048 1611 1323 1696 antiquo
1384 1619 1607 1676 meatu
1667 1619 1734 1675 ct
1775 1609 2058 1674 transitu
2118 1607 2597 1690 circumambit,
2641 1608 2738 1672 ita

354 1695 531 1784 quod
560 1695 955 1781 'frequenter
1000 1717 1085 1761 ex
1130 1695 1255 1762 hoc
1296 1717 1430 1760 non
1492 1697 1705 1762 solum
1751 1698 2264 1782 provinciarum,
2313 1696 2434 1761 sed
2479 1702 2548 1760 et
2580 1710 2737 1780 pos·

352 1785 719 1848 sessionum
764 1783 1030 1848 termini
1074 1783 1588 1863 confunduntur,
1657 1791 1725 1849 et
1789 1803 2070 1868 magnae
2145 1781 2486 1868 portiones⁴
2523 1781 2738 1846 terrae

352 1888 502 1934 cum
550 1869 909 1954 dampnoso
954 1869 1355 1954 praejudicio
1402 1869 1818 1936 dominorum
1880 1870 2205 1936 accedunt
2247 1865 2460 1935 alteri'
2483 1877 2736 1952 et2per-

356 1955 604 2022 duntur
646 1957 848 2040 priori
894 1963 961 2021 et
1005 1958 1441 2042 possessionis
1486 1957 1898 2022 commodum
1948 1957 2286 2022 alteratur.

524 2041 839 2106 Volentes
882 2043 1125 2128 itaque,
1168 2051 1247 2106 ut
1290 2065 1490 2130 super
1531 2043 1661 2106 hiis
1695 2045 1776 2108 de
1809 2053 2028 2108 cetero
2053 2045 2228 2108 inter
2271 2063 2394 2106 nos
2441 2049 2510 2104 et
2553 2061 2738 2126 prae·

347 2129 560 2194 fatum
607 2130 841 2194 ducem
888 2127 1243 2214 cujuslibet
1302 2128 1672 2196 discordiae
1731 2131 2012 2196 materia
2071 2127 2514 2214 praecidatur,
2576 2147 2730 2190 cum

351 2217 690 2302 praedicto
738 2214 905 2280 duce
974 2215 1057 2280 de
1122 2217 1451 2281 communi
1514 2216 1930 2303 beneplacito
2000 2225 2066 2282 et
2131 2215 2432 2280 unanimi
2497 2212 2736 2279 volun-

349 2311 503 2383 tate,
580 2301 909 2367 mediante
974 2321 1249 2388 quoque·
1304 2302 1537 2368 illustri
1610 2299 1776 2368 duce
1843 2302 2110 2370 domino
2191 2300 2510 2387 Bolyzlao
2601 2299 2736 2387 Op-

350 2388 655 2474 puliensi,
722 2407 1034 2472 germano
1106 2388 1318 2474 ipsius
1402 2387 1653 2454 domini
1719 2390 2184 2476 Tessynensis,
2247 2388 2738 2474 composuimus

350 2483 416 2541 et
460 2476 909 2551 convenimus,
976 2475 1451 2542 concordantes
1510 2473 1948 2542 amicabiliter
2012 2485 2078 2542 et
2140 2477 2384 2562 pariter
2429 2473 2736 2538 ordinari»-

348 2570 468 2643 tes,
530 2568 604 2625 ut
660 2560 745 2626 ab
811 2559 941 2625 hac
988 2560 1104 2627 die
1174 2563 1443 2628 inantea
1500 2564 1674 2629 inter
1733 2559 1868 2628 'nos
1925 2571 2016 2629 et,
2056 2561 2304 2650 ipsum,
2363 2561 2528 2626 fines
2595 2560 2734 2646 epi-

346 2669 458 2739 sco
508 2656 654 2800 {2¹0⁵
732 2649 940 2713 nostri
1024 2658 1090 2712 et
1171 2649 1448 2714 ducatus
1531 2651 1633 2715 sui
1715 2649 1839 2714 hoc
1922 2651 2113 2716 modo
2200 2649 2731 2734 distinguantur,

356 2735 421 2799 ui
472 2756 507 2799 e
539 2735 561 2768 ’>
638 2733 697 2800 ti
985 2735 1015 2792 -'
1191 2733 1199 2740 ’
1327 2731 1337 2738 ”
1857 2773 1864 2778 -
2544 2733 2554 2740 “

526 2821 639 2907 (Ι.)
688 2821 885 2902 Quod
930 2822 1013 2886 ab
1061 2844 1234 2907 aqua
1264 2822 1447 2886 Odra
1470 2823 1593 2886 sub
1619 2821 1894 2888 Landck
1938 2824 2183 2888 fluente
2229 2831 2295 2888 et
2339 2821 2452 2886 ubi
2499 2821 2724 2886 Ostra·

348 2907 458 2973 via
500 2907 718 2972 influit
761 2908 830 2971 in
876 2909 1086 2992 ipsam
1135 2906 1403 2988 odram,
1449 2909 1826 2995 incipiendo
1873 2918 1938 2974 et
1960 2909 2378 2974 ascendendo
2428 2907 2733 2994 superius

349 3015 559 3080 usque
602 2993 689 3058 ad
734 3001 941 3059 metas
958 2995 1310 3079 Ungariae,
1358 2997 1414 3059 is
1460 2996 1545 3060 sit
1568 2994 1758 3060 limes
1804 3004 1870 3060 et
1895 3003 2084 3060 meta·
2113 2995 2434 3061 bonorum
2479 3000 2736 3058 nostro-

349 3103 497 3146 rum
544 3088 610 3146 et
648 3102 941 3163 suorum,
987 3079 1365 3168 ubicunque
1412 3082 1553 3168 ipse
1576 3082 1819 3146 fluvius
1845 3080 2156 3147 Ostravia
2201 3103 2376 3148 nunc
2423 3079 2733 3162 decurrit,

355 3175 421 3233 et
464 3167 525 3234 si
567 3166 986 3234 *membratim
1028 3167 1278 3236 alicubi
1302 3177 1401 3236 est
1425 3169 1700 3249 divisus,
1748 3169 1866 3235 ubi·
1887 3181 2064 3238 nunc
2110 3163 2730 3254 maiorzaqua's'ive

353 3254 591 3320 alveus
635 3275 899 3318 cursum
944 3253 1162 3318 habet.
1512 3293 1519 3298 ·

535 3340 675 3426 (Π.)
721 3340 810 3405 Et
854 3362 939 3405 ne
1014 3343 1083 3405 in
1157 3350 1484 3427 posterum
1518 3418 1525 3428 ι
1562 3347 1712 3426 ipso
1767 3337 1970 3406 fluvio
2033 3363 2272 3406 novum
2355 3339 2734 3404 inveniente

350 3426 719 3507 transitum,
762 3426 1141 3512 hujusmodi
1187 3426 1413 3492 limitis
1457 3428 1796 3492 distinctio
1835 3427 2130 3494 deleatur
2175 3428 2284 3494 vel
2329 3428 2398 3492 in
2445 3447 2732 3491 errorem

349 3521 465 3578 aut
509 3512 911 3588 oblivionem
957 3513 1271 3594 tradatur,
1334 3513 1612 3579 fecimus
1667 3515 1813 3588 ‚fieri
1876 3537 2171 3600 aggeres,
2241 3512 2539 3590 cumulos
2585 3514 2726 3576 sive

349 3607 629 3686 struges,
673 3621 791 3686 per
835 3609 1042 3666 totum
1066 3602 1282 3686 ipsum
1306 3600 1579 3666 fluvium
1607 3601 1982 3668 Ostraviam
2015 3601 2098 3666 ab
2125 3601 2307 3667 Odra
2332 3598 2736 3688 inci'piendO,

347 3685 461 3752 ubi
506 3687 742 3767 influit,
790 3709 906 3772 per
951 3709 1293 3753 ascensum
1327 3709 1532 3777 usque
1564 3688 1650 3754 ad
1676 3695 1884 3754 metas
1923 3687 2259 3772 Ungariae
2286 3685 2733 3773 procedendo,

348 3775 442 3838 ita
486 3773 816 3855 videlicet,
876 3775 1052 3859 quod
1107 3776 1179 3839 in
1223 3774 1444 3840 littore
1504 3794 1736 3840 versus
1799 3774 2170 3846 Poloniam„
2207 3772 2294 3838 ab
2337 3771 2528 3838 odra}
2551 3775 2558 3822 ἶ
2585 3793 2731 3837 sur-

357 3881 501 3924 sum
547 3882 666 3944 per
708 3860 1081 3926 Ostraviam
1125 3860 1515 3943 secedendo,
1560 3863 1704 3948 ipse
1751 3862 2058 3926 dominus
2105 3861 2243 3926 dux
2289 3858 2730 3944 Tessynensis

353 3947 652 4011 cumulos
696 3969 851 4011 suos
897 3948 1053 4034 poni
1098 3946 1317 4030 faciat,
1365 3957 1429 4013 et
1475 3970 1596 4013 nos
1641 3971 1726 4014 ex
1765 3948 2066 4035 opposito
2113 3949 2181 4011 in
2230 3947 2730 4010 littore-‘versus

350 4033 719 4098 Moraviam
765 4043 1023 4100 nostros
1084 4034 1415 4100 similiter·
1446 4056 1573 4120 per·
1623 4055 1990 4100 ascensum·
2029 4034 2336 4100 cumulos
2381 4033 2726 4111 faciemus,

353 4120 449 4186 sic
500 4141 777 4222 quoque,
840 4129 911 4186 ut
970 4120 1283 4207 deinceps
1344 4121 1672 4271 ῗιιίἆῳιιῗά
1727 4121 1812 4188 ab
1875 4121 1990 4186 illo
2053 4121 2275 4186 littore
2335 4139 2566 4184 versus
2599 4117 2736 4192 Po*

350 4207 599 4274 Ioniam
642 4229 711 4270 m
757 4208 982 4294 pratis,
1042 4208 1221 4292 agris
1267 4227 1351 4273 vc
1424 4207 1612 4272 siivis
1654 4218 1774 4274 aut
1815 4207 2282 4294 qualicumque
2321 4205 2550 4271 terrae*
2579 4225 2734 4288 spa-

352 4299 443 4360 tio
488 4293 769 4381 adjacet,
788 4315 793 4321 ·
814 4293 887 4358 id
928 4296 1257 4380 pertineat
1302 4295 1401 4372 ad·
1436 4293 1771 4376 ducatum,
1809 4304 1884 4361 ‘et
1929 4318 1964 4361 e
2010 4295 2366 4377 contrario,-
2407 4289 2732 4378 quidquid
