3150 5017
492 338 631 389 ΜΒ.
677 338 753 385 u.
1453 352 1540 365 -
1627 314 1760 382 330
1848 350 1933 365 —

499 499 765 557 nostrae
807 488 1060 575 gratiae
1103 495 1173 553 et
1213 486 1506 553 omnium
1551 486 1893 567 bonorum,
1937 505 2019 549 ac
2062 481 2185 549 sub
2232 502 2447 569 poena
2486 481 2558 547 in
2578 480 2879 568 ipsorum

499 577 851 643 violatores
901 576 1042 661 jam
1105 572 1355 640 dudum
1429 580 1709 654 statuta,
1794 572 2071 637 firmiter
2126 567 2460 635 custodiri.
2546 571 2609 651 ξ.
2670 568 2735 635 6.
2812 565 2889 633 Si

498 672 720 730 autem
784 683 958 748 aqua
1015 660 1300 746 alicujus
1358 658 1540 725 lanei
1600 659 2186 725 concessionumve
2243 654 2633 744 profluendo
2694 661 2889 721 extra

498 772 688 817 suum
733 749 951 815 locum
998 748 1218 814 vicina
1259 745 1542 813 inebriet
1586 754 1899 812 montana
1942 751 2060 811 aut
2100 742 2515 828 submergat:
2574 748 2736 807 tunc
2780 761 2889 807 co·

498 838 636 903 loni
681 836 764 902 de
805 843 994 922 parte
1037 833 1459 901 submersura
1501 832 1629 899 hoc
1674 832 2035 899 urburariis
2084 829 2475 901 denuntient
2512 830 2657 897 sine
2678 847 2889 911 mora,

498 930 798 1012 petentes
865 922 952 987 ad
1018 919 1538 1010 praevidendum
1608 921 1703 984 sic
1776 916 2286 1005 argentifodium
2354 916 2889 1001 subruet-gentem

500 1031 738 1096 aquam
815 1010 986 1074 mitti
1034 1010 1313 1094 juratos,
1372 1015 1446 1072 ut
1486 1007 1761 1075 videant
1826 1027 1974 1071 cum
2022 1004 2328 1070 omnibus
2372 1002 2892 1068 circumstantiis

500 1099 862 1163 veritatem.
952 1096 1007 1180 ξ.
1055 1096 1112 1161 7.
1155 1094 1244 1159 Et
1289 1095 1345 1158 si
1390 1114 1627 1181 aquam
1670 1093 2047 1159 invenerint
2106 1092 2203 1158 sic
2244 1090 2669 1176 submergere
2734 1109 2892 1154 con·

545 1190 872 1263 nerentes,
931 1191 1090 1247 tunc
1163 1182 1382 1246 statim
1443 1179 1773 1246 urburarii
1818 1178 2089 1261 colonis,
2150 1177 2234 1244 dc
2278 1198 2555 1264 quorum
2601 1176 2892 1261 argenti·

500 1206 676 1335 ἓοᾶίο
721 1268 988 1356 profluit
1030 1289 1203 1354 aqua
1248 1265 1699 1352 submergens,
1764 1267 2157 1333 denuntient
2203 1264 2513 1331 continue
2568 1261 2895 1345 proximis

500 1355 711 1423 tribus
754 1355 1008 1439 diebus,
1054 1365 1128 1420 ut
1171 1354 1414 1419 dictam
1461 1375 1700 1441 aquam
1746 1352 1919 1419 infra
1964 1351 2234 1419 eosdem
2276 1359 2407 1418 tres
2454 1352 2595 1417 dics
2641 1348 2897 1417 exhau-

499 1445 628 1509 rire
670 1444 993 1528 incipiant
1037 1463 1185 1509 cum
1231 1442 1492 1525 effectu3
1563 1440 1859 1527 alioquin
1920 1437 2427 1526 argentifodium
2495 1459 2649 1503 cum
2711 1458 2895 1525 aqua

501 1530 963 1615 submergente
1008 1526 1258 1594 colonis
1305 1529 1732 1615 approprient
1778 1526 2233 1601 submersuris‚
2282 1533 2400 1591 aut
2442 1524 2567 1591 sub
2592 1523 2893 1612 dampno

503 1625 570 1683 et
632 1616 928 1702 periculo
1000 1617 1294 1702 ipsorum
1359 1635 1532 1701 aqua
1600 1615 2032 1699 submergens
2098 1612 2505 1679 extrahatur.
2595 1615 2658 1695 §-
2706 1612 2773 1678 8.
2822 1610 2897 1677 Si

503 1711 726 1769 autem
771 1725 812 1767 a
858 1724 946 1767 ua
989 1701 1360 1767 communis
1405 1702 1492 1767 sit
1533 1702 1647 1783 its,
1693 1701 1872 1789 quod
1914 1722 2049 1767 non
2096 1702 2303 1787 possit
2344 1699 2655 1781 discerni,
2720 1718 2897 1785 quae

501 1788 670 1857 alios
730 1790 840 1855 ine
887 1790 974 1853 rit
1033 1798 1148 1854 aut
1191 1787 1604 1873 submergat:
1652 1798 1818 1854 tunc
1861 1796 2141 1875 utraque
2187 1809 2341 1875 pars
2384 1795 2661 1873 cogatur
2702 1806 2899 1851 suam

503 1898 745 1963 aquam
803 1874 1166 1953 extrahere,
1225 1896 1312 1941 ne
1372 1874 1641 1957 defluat,
1704 1884 1771 1941 ct
1826 1877 1897 1941 in
1958 1896 2077 1941 suo
2122 1876 2543 1961 receptacqu
2584 1873 2899 1957 retinere,

506 1973 580 2027 ut
623 1964 720 2029 sic
764 1982 943 2028 noxa
985 1964 1176 2049 aquis
1221 1961 1524 2029 discretis
1568 1962 1655 2027 ab
1699 1963 1975 2027 innoxia
2020 1962 2421 2045 dinoscatur,
2481 1962 2733 2047 fiatque
2780 1959 2897 2045 ju·

506 2049 752 2116 dicium
792 2048 876 2115 dc
897 2070 1073 2135 aqua
1114 2057 1412 2133 nocente,
1457 2056 1535 2114 ut
1553 2050 1857 2135 proxime
1894 2051 2034 2136 jam
2080 2048 2329 2115 dictum
2374 2056 2493 2115 est.
2538 2050 2603 2130 §-
2648 2049 2709 2113 9.
2754 2045 2903 2112 Nec

503 2145 725 2203 tamen
783 2134 950 2202 haec
1013 2134 1349 2201 interdum
1408 2138 1635 2202 omnia
1694 2136 2157 2222 suffragantur,
2216 2144 2293 2201 ut
2355 2133 2615 2200 lucrum
2680 2133 2901 2220 possit

505 2224 816 2308 expensis
885 2219 1240 2289 colentium
1318 2231 1385 2289 et
1447 2222 1791 2287 laboribus
1858 2244 1967 2288 res
2012 2222 2296 2305 endere,
2378 2220 2559 2309 quod
2624 2230 2902 2307 propter

504 2330 742 2395 aquam
771 2310 868 2376 sic
893 2308 1344 2396 prosilientem
1390 2310 1902 2395 argentifodium
1996 2308 2317 2389 esoletur,
2364 2308 2486 2375 sed.
2528 2329 2613 2373 ne
2654 2328 2766 2374 res
2812 2328 2902 2374 ex

509 2404 648 2463 toto
708 2406 962 2483 pereat,
1007 2394 1244 2461 melius
1305 2404 1424 2478 est,
1471 2403 1546 2461 ut
1590 2394 2101 2482 argentifodium
2150 2395 2522 2471 desolatum
2584 2416 2703 2482 pro
2740 2396 2899 2481 jure

513 2490 762 2563 nostro,
809 2482 879 2547 id
923 2490 1022 2549 est
1065 2504 1184 2569 pro
1230 2482 1372 2548 sola
1413 2491 1653 2549 octava
1696 2492 1885 2570 parte
1928 2481 2233 2566 urbane,
2290 2484 2439 2570 jure
2496 2481 2899 2547 hereditario

511 2568 929 2645 concedatur,
979 2568 1061 2635 de
1105 2578 1362 2635 maturo
1407 2578 1629 2635 tamen
1674 2572 2017 2637 civitatum
2066 2578 2133 2635 et
2173 2572 2415 2635 montis
2460 2568 2751 2641 consilio-
2786 2569 2900 2653 ju·

508 2665 837 2736 ratorum;
883 2664 950 2722 et
993 2660 1089 2721 sic
1132 2657 1278 2742 jure
1323 2656 1718 2723 hereditario
1764 2664 1982 2744 potest
2026 2656 2301 2722 concedi
2346 2678 2520 2721 unus
2564 2654 2745 2722 solus
2802 2654 2902 2720 la-

516 2764 702 2825 neus,
772 2740 878 2809 vel
945 2739 1188 2828 plures,
1254 2753 1371 2809 aut
1443 2766 1616 2808 unus
1676 2766 1864 2810 mons
1910 2752 2086 2809 totus
2132 2765 2283 2809 cum
2329 2743 2641 2809 omnibus
2686 2743 2899 2810 laneis

512 2831 666 2905 suis,
713 2830 908 2896 etiam
957 2850 1104 2894 cum
1129 2829 1338 2896 laneis
1359 2839 1426 2896 et
1449 2830 2013 2917 superfluitatibus
2055 2832 2315 2908 nostris,
2358 2851 2641 2916 cumque
2686 2828 2899 2895 laneis

511 2917 754 2981 civium
800 2938 880 2981 ac
923 2915 1355 2987 dominorum.
1442 2916 1783 2983 Interdum
1856 2920 2051 2983 etiam
2100 2916 2324 3005 plures
2383 2928 2640 2983 montes
2701 2912 2899 2981 simul

511 3012 578 3069 et
623 3001 846 3078 semel,
893 3003 1288 3090 quandoque
1333 3004 1528 3069 etiam
1545 3006 1919 3070 successive
1953 3006 2108 3093 jure
2150 3003 2549 3071 hereditario
2592 3024 2717 3090 pro
2757 3001 2905 3068 sola

513 3087 762 3158 urbura
805 3088 1272 3157 conceduntur.
1363 3095 1425 3173 ξ.
1475 3094 1576 3156 10.
1645 3091 1771 3155 His
1815 3100 2033 3158 autem
2078 3090 2488 3157 hereditariis
2532 3090 2901 3156 concessio-

518 3176 714 3241 nibus
753 3184 886 3241 tam
913 3178 1235 3241 montium
1273 3199 1471 3265 quam
1517 3178 1893 3262 stollonum,
1928 3180 2137 3265 jurati
2176 3180 2517 3245 civitatum
2542 3176 2902 3265 aliquando

510 3262 1052 3329 irrationabiliter
1127 3263 1573 3331 contradicere
1634 3286 1768 3329 non
1829 3273 2174 3349 verentur,
2232 3266 2535 3334 volentes
2608 3265 2901 3351 gaudere

513 3348 802 3435 quadam
845 3352 1309 3435 praerogativa
1349 3352 1418 3416 in
1466 3352 1601 3417 suis
1646 3349 1859 3417 laneis
1902 3353 2193 3439 speciali,
2259 3374 2412 3418 cum
2472 3362 2699 3418 tamen
2748 3354 2901 3439 jure

509 3436 604 3499 ita
665 3443 929 3501 cautum
992 3438 1093 3513 sit,
1161 3445 1234 3502 ut
1306 3437 1486 3524 quod
1543 3439 1824 3525 quisque
1874 3440 2043 3521 juris
2107 3441 2177 3505 in
2238 3440 2517 3505 alterum
2578 3440 2899 3521 statuerit,

511 3523 652 3608 ipse
699 3524 798 3587 uti
845 3521 1040 3589 debet
1085 3544 1194 3607 co;
1243 3526 1418 3591 unde
1477 3524 1706 3589 laneos
1767 3524 1998 3592 civiles
2042 3528 2112 3591 in
2156 3526 2284 3593 hac
2326 3536 2515 3613 parte
2552 3546 2901 3613 praeroga-

511 3611 651 3673 tiva
693 3609 986 3693 gaudere
1029 3631 1166 3675 non
1213 3611 1500 3698 patimur
1541 3612 1870 3698 ampliori,
1916 3634 2112 3700 quam
2160 3616 2404 3679 nostris
2465 3614 2677 3681 laneis
2734 3614 2901 3677 indi-

507 3705 751 3761 xerunt
817 3704 884 3761 et
950 3705 1202 3780 septem
1267 3696 1477 3763 laneis
1544 3697 1632 3762 ad
1698 3708 1987 3765 montem
2050 3700 2413 3786 quemlibet
2480 3700 2896 3783 mensuratis,

502 3782 702 3866 juxta
757 3781 959 3848 illud:
1027 3784 1262 3849 Patere
1325 3783 1558 3870 legem,
1621 3806 1819 3871 quam
1888 3788 2031 3873 ipse
2098 3787 2350 3854 tuleris.
2439 3787 2781 3875 Numquid
2840 3790 2899 3852 si

509 3868 718 3954 jurati
763 3890 915 3935 suos
960 3870 1187 3937 laneos
1231 3892 1569 3957 nunquam
1617 3872 1869 3937 vellent
1912 3873 2234 3951 excolere,
2280 3896 2403 3939 nos
2428 3896 2653 3941 carere
2675 3881 2898 3940 nostra

513 3954 760 4019 urbura
806 3954 1246 4022 deberemus?
1313 3980 1464 4023 cum
1509 3958 1779 4025 utilitati
1823 3964 2117 4045 privatae
2170 3962 2272 4039 ,sit
2322 3960 2592 4048 publica
2647 3960 2896 4027 utilitas

514 4042 740 4127 utique
784 4042 1254 4129 praeferenda;
1313 4046 1605 4110 maxime
1664 4066 1815 4110 cum
1874 4046 2062 4112 nulla
2120 4050 2483 4114 necessitas
2541 4057 2655 4114 aut
2698 4068 2897 4113 causa

513 4125 828 4212 legitima,
934 4151 1094 4195 uare
1155 4152 1312 4196 suos
1372 4132 1601 4198 lancos
1644 4153 1778 4198 non
1824 4133 2150 4217 excolant,
2223 4136 2404 4222 ipsos
2450 4134 2735 4201 sufficiat
2776 4156 2893 4199 ex-

513 4232 764 4296 cusare,
825 4236 896 4281 se
1005 4218 1335 4303 aequitate
1415 4218 1735 4284 suadente
1800 4221 2094 4305 ipsorum
2162 4220 2571 4307 negligentia
2633 4222 2705 4287 in
2767 4220 2895 4285 bae

514 4307 698 4381 parte
757 4310 1022 4367 nostrae
1079 4301 1366 4369 urburae
1431 4305 1687 4371 nullum
1743 4310 1983 4393 poterit
2039 4308 2517 4395 praejudicium
2563 4328 2893 4395 generare.
