3150 5017
1525 331 1991 397 -148—

569 523 722 568 suos
787 523 1000 589 poena
1065 501 1288 566 debita
1355 505 1602 587 puniat,
1672 504 1740 566 in
1804 525 1962 567 usus
2030 501 2429 584 monasterii,
2494 503 2786 588 quicquid
2836 521 2900 566 ex

571 589 766 674 culpa
809 589 1196 674 provenerit,
1250 589 1714 654 convertendo.
2656 653 2677 666 ,

737 675 797 739 6.
842 675 1275 739 Decernimus
1321 676 1538 755 etiam,
1585 674 1761 760 quod
1806 673 2111 760 quicquid
2154 673 2577 738 emolumenti
2614 673 2719 739 vel
2762 671 2901 736 utili-

569 762 722 824 tatis
767 761 848 824 de
895 759 1288 824 molendinis
1333 762 1670 847 praefatae
1714 761 2031 825 ecclesiae
2077 761 2468 846 provenerit,
2514 759 2717 824 abbas
2758 759 2903 823 dum·

567 855 754 912 taxat
799 854 864 911 et
907 845 1129 911 nullus
1173 844 1338 910 alter
1381 847 1671 932 recipere
1716 855 2034 911 teneatur.

737 932 847 996 Ad
912 932 1228 1016 majorem
1287 942 1627 1019 praeterea
1684 941 1947 998 nostrae
1994 931 2405 998 liberalitatis
2452 931 2901 996 concessionem

566 1019 785 1083 omnia
828 1018 1176 1104 privilegia
1218 1018 1593 1103 praedictae
1638 1018 1957 1083 ecclesiae
2025 1041 2065 1082 a
2118 1019 2363 1082 nostris
2422 1014 2903 1084 antecessoribus

551 1106 676 1191 'pia
743 1105 1267 1169 consideratione
1329 1126 1663 1187 concessa,
1722 1106 1863 1169 sive
1924 1107 2057 1168 sint
2112 1105 2319 1168 realia
2366 1105 2503 1169 sive
2549 1101 2904 1189 personalia,

568 1191 652 1255 ad
697 1212 801 1255 res
847 1213 962 1254 seu
998 1191 1152 1273 jura
1210 1193 1625 1276 pertinentia,
1689 1190 2041 1255 dummodo
2087 1199 2451 1276 appareant
2493 1191 2563 1252 in
2614 1191 2810 1275 prima
2854 1186 2908 1250 fi-

566 1299 730 1362 gura
775 1285 838 1342 et
882 1275 1274 1341 authenticis
1319 1277 1552 1362 sigillis
1582 1277 1887 1363 sigillata,
1932 1296 2065 1340 non
2106 1277 2357 1357 vitiata,
2404 1298 2538 1339 non
2562 1273 2907 1352 cancellata,

565 1385 700 1426 non
746 1365 814 1426 in
861 1362 1082 1448 aliqua
1129 1364 1228 1426 sui
1271 1374 1457 1448 parte
1504 1364 1771 1445 abolita,
1816 1371 1961 1427 rata
2004 1362 2325 1427 habemus
2371 1371 2439 1427 et
2482 1361 2695 1444 firma,
2752 1369 2811 1425 et
2848 1379 2907 1422 ea

564 1450 949 1514 auctoritate
994 1451 1358 1534 praesentis
1405 1453 1631 1534 scripti
1678 1451 2161 1530 confirmamus,
2222 1447 2523 1512 nolentes
2566 1447 2689 1512 illa
2728 1454 2907 1512 tractu

563 1537 874 1619 temporis
921 1557 960 1598 a
1004 1533 1330 1598 malivolis
1373 1535 1700 1621 aliquibus
1745 1558 1909 1601 ausu
1954 1536 2299 1600 temerario
2344 1533 2598 1598 violari.

736 1621 818 1685 In
877 1621 1066 1704 cujus
1127 1622 1222 1684 rei
1282 1624 1729 1686 testimonium
1792 1629 2169 1708 praesentes
2216 1619 2443 1685 literas
2488 1641 2693 1704 supra
2736 1618 2913 1684 dictae

569 1707 884 1772 ecclesiae
928 1727 1044 1790 pro
1091 1709 1404 1772 memoria
1448 1709 1895 1794 praefatorum
1942 1708 2232 1772 omnium
2278 1708 2683 1792 sempiterna
2723 1723 2913 1770 conce·

568 1795 803 1872 dimus,
849 1792 1210 1876 sigillorum
1256 1803 1626 1858 nostrorum
1672 1796 2034 1858 munimine
2082 1793 2441 1874 roboratas,
2488 1792 2787 1873 testibus,
2826 1788 2913 1874 qui

567 1877 842 1943 aderant
902 1878 1295 1944 subnotatis:
1358 1881 1678 1944 Bawarus
1745 1880 2141 1945 camerarius
2186 1879 2373 1962 regni
2442 1879 2775 1960 Boemiae,
2814 1876 2914 1940 Ge-

564 1966 810 2030 rossius
883 1965 1280 2030 castellanus
1325 1966 1695 2052 Pragensis‚
1742 1967 1919 2032 Chez
1954 1965 2169 2050 judex
2230 1973 2463 2044 terrae,
2527 1964 2805 2042 Oezama
2855 1959 2916 2022 de

565 2050 995 2133 Costumlath‚
1043 2051 1203 2116 Poto
1253 2052 1332 2117 de
1379 2053 1809 2134 Bodenstein‚
1853 2051 2121 2117 Ulricus
2167 2050 2247 2115 de
2286 2049 2577 2133 Dudleu,
2626 2048 2915 2116 Stiborius

566 2136 646 2202 de
689 2136 1011 2217 Loschan,
1059 2138 1320 2202 Zawicz
1366 2147 1434 2204 et
1478 2139 1592 2204 alii
1639 2161 1837 2224 quam
1878 2138 2122 2224 plures.

738 2221 982 2288 Actum
1055 2223 1326 2307 Pragae,
1397 2247 1570 2290 anno
1638 2225 1910 2289 Domini
1968 2221 2437 2289 MCCLVIIII.
2526 2221 2775 2287 Datum
2830 2239 2918 2304 per

562 2310 1140 2459 mangistagistri
1185 2310 1465 2377 Arnoldi
1510 2310 2007 2398 prothonotarii,
2055 2317 2239 2376 sexto
2274 2307 2618 2374 Kalendas
2667 2304 2916 2392 Augusti

566 2416 695 2482 apu
843 2416 1088 2480 ragam.

1703 2780 1803 2842 48.

665 2911 985 2995 Literae
1038 2911 1483 2994 Alexandri
1533 2910 1669 2994 IV.
1726 2935 1977 3016 papae
2042 2935 2279 3016 super
2337 2914 2841 2997 coronatione

1263 3014 1704 3118 Premyslai
1775 3015 2101 3098 Otacari
2149 3016 2248 3098 ΙΙ.

1670 3159 1853 3222 1260.

771 3291 1108 3356 Premyslaus
1147 3291 1408 3342 Otacarus
1455 3291 1547 3355 11.‚
1601 3293 1689 3354 qui
1733 3293 1875 3358 patri
1920 3309 2015 3344 suo
2053 3293 2371 3344 Wenceslao
2407 3293 2451 3344 Ι.
2489 3308 2540 3344 a.
2582 3296 2717 3346 1253
2754 3295 2809 3344 in
2840 3291 2923 3342 Bo-

564 3359 776 3412 h'emiae
811 3375 974 3425 regno
1010 3363 1281 3422 successit,
1317 3375 1460 3410 anno
1499 3361 1709 3410 demum
1751 3365 1883 3412 1262
1920 3377 2169 3412 coronam
2217 3377 2401 3428 regum
2450 3363 2741 3414 Bohemiae
2789 3358 2924 3424 capiti

565 3445 664 3481 suo
699 3430 904 3494 imponi
939 3430 1160 3479 curavit.
1210 3429 1352 3490 Quia
1387 3435 1514 3480 tunc
1548 3432 1801 3495 temporis
1840 3431 2265 3496 archiepiscopus
2301 3433 2670 3498 MoguntinuS,
2720 3433 2811 3496 qui
2842 3431 2923 3477 hoc

561 3513 784 3551 munere
829 3497 894 3549 de
934 3497 1054 3562 jure
1103 3497 1256 3562 fungi
1293 3497 1518 3561 solebat,
1565 3514 1670 3548 usu
1718 3514 1989 3550 sacrorum
2044 3499 2339 3564 prohibitus
2376 3505 2490 3550 erat
2524 3506 2577 3551 et
2610 3503 2667 3552 in
2706 3497 2926 3550 custodis

563 3567 860 3631 tenebatur,
902 3565 1225 3632 suffraganis
1263 3573 1442 3617 autem
1479 3566 1869 3634 archiepiscopi
1899 3568 1987 3632 jus
2026 3585 2275 3620 coronam
2313 3569 2623 3634 imponendi
2659 3585 2770 3620 non
2817 3569 2923 3622 erat,

563 3636 867 3688 Alexander
919 3649 1060 3700 papa
1106 3635 1368 3700 episcopis
1414 3637 1676 3702 ngensi
1726 3641 1779 3687 et
1832 3637 2177 3688 Olomucensi
2220 3643 2533 3704 potestatem
2572 3652 2800 3688 coronae
2830 3632 2925 3697 rogi

566 3705 915 3772 imponendae
963 3704 1164 3768 tribuit,
1209 3706 1289 3754 ita
1323 3719 1463 3769 vero,
1500 3720 1569 3756 ne
1617 3706 1720 3756 hac
1761 3721 1819 3756 re
1864 3707 2249 3773 archiepiscopi
2296 3707 2603 3772 Moguntini
2652 3707 2922 3772 quidquam

563 3773 880 3840 praejudicii
915 3777 1237 3838 paterentur.

749 3843 1112 3894 Nihilominus
1147 3847 1326 3892 tamen
1359 3843 1492 3893 festo
1529 3842 1843 3894 Nativitatis
1880 3845 2099 3894 Domini
2134 3859 2311 3909 regem
2348 3859 2545 3894 corona
2582 3845 2797 3894 ornavit
2828 3843 2923 3906 ipso

565 3911 1007 3977 archiepiscopus,
1047 3926 1208 3974 quum
1243 3912 1627 3976 impedimenta
1666 3913 1860 3974 quibus
1897 3919 2055 3963 antea
2090 3913 2483 3978 prohibebatur,
2522 3917 2700 3967 essent
2716 3915 2919 3964 remota.

775 3980 1006 4045 (Boczek
1043 3980 1173 4031 Ood.
1213 3981 1359 4046 Dipl.
1397 3982 1529 4030 Mor.
1573 3982 1674 4030 111.
1715 3983 1817 4032 292
1856 3996 1919 4032 ex
1954 3983 2063 4032 tab.
2101 3983 2321 4047 Vatic.).

739 4131 1115 4196 Alexander
1160 4136 1520 4220 episcopus,
1572 4157 1803 4200 servus
1850 4157 2188 4201 servorum
2236 4135 2385 4215 Dei,
2448 4113 2918 4201 venerabilibus

564 4216 876 4282 fratribus
966 4266 1404 4284 .....
1497 4222 1819 4305 Pragensi
1845 4231 1911 4286 et
2000 4268 2444 4284 .....
2515 4213 2919 4288 Olomucensi

565 4305 911 4390 episcopis,
961 4303 1235 4369 salutem
1287 4315 1350 4370 et
1394 4309 1827 4391 apostolicam
1873 4307 2417 4404 benedictionem.
