3150 5017
469 270 745 318 ΜΕΝ.
1425 246 1900 313 —400-

473 433 640 488 nunt
706 434 1037 509 tamquam
1086 423 1485 489 excellentes
1551 431 1818 509 propter
1862 428 2326 491 verecundiam
2371 431 2675 496 attestari.
2761 430 2848 495 Et

474 520 577 575 est
625 510 1003 597 protestatio
1051 508 1233 574 talis:
1294 510 1387 573 In'
1422 510 1634 597 prima
1698 512 1872 577 enim
1932 511 2067 581 litis
2128 517 2590 601 congressione
2635 526 2848 603 prote-

476 605 686 665 statur
730 595 1091 663 advocatus
1126 598 1240 683 jus
1287 598 1387 662 sui
1434 596 1728 663 clientuli
1774 598 2030 665 salvum
2077 600 2216 667 fore
2261 602 2564 671 habendo
2599 605 2849 691 justam

471 685 790 750 rationem
834 685 997 769 juris
1044 686 1165 766 sui,
1214 684 1391 772 quod
1436 684 1799 771 vulgariter
1855 685 2178 775 holung
2237 690 2495 773 dicitur,
2560 693 2845 778 quoties-

474 793 730 859 cunque
747 770 872 837 sibi
890 771 1087 836 fuerit
1101 781 1541 858 opportunum
1557 797 1573 856 3
1605 780 1669 835 et
1689 774 2274 864 quotienscumque
2290 778 2360 842 in
2377 778 2851 844 instauratione

342 900 349 909 ι
466 860 634 945 juris
680 859 802 939 sui,
848 858 955 923 vel
1002 860 1070 923 in
1116 860 1533 927 revocatione
1574 862 1813 927 erroris
1839 861 2203 930 deviaverit
2246 865 2318 928 in
2363 886 2499 930 una
2544 864 2850 943 dictione,

478 945 653 1011 cadit
697 967 736 1010 a
772 946 923 1033 jure
970 967 1088 1011 suo
1118 946 1525 1012 solummodo
1572 948 1640 1011 in
1674 947 1799 1012 hac
1846 957 2068 1035 parte3
2111 951 2287 1017 unde
2310 949 2568 1017 duabus
2593 952 2851 1019 vicibus

479 1041 627 1119 post
670 1034 945 1119 primam
1016 1034 1083 1095 in
1132 1032 1427 1119 quolibet
1470 1034 1746 1100 articulo
1814 1038 2056 1101 erroris
2114 1037 2221 1103 vel
2290 1037 2560 1104 alterius
2621 1039 2854 1105 similis

478 1142 687 1202 casus,
737 1119 849 1184 ubi
894 1118 1257 1185 admittitur
1315 1120 1439 1186 hoc
1485 1120 1880 1189 beneficium
1930 1126 2116 1211 juris,
2162 1125 2380 1191 locum
2426 1125 2622 1194 habet
2672 1127 2852 1193 dicta

470 1208 643 1294 juris
685 1208 1094 1273 restauratio.

656 1735 715 1813 ξ.
762 1731 822 1796 4.
913 1730 1319 1797 Protestatur
1384 1731 1578 1797 etiam
1651 1731 2028 1813 advocatus,
2100 1731 2156 1795 si
2220 1731 2292 1795 in
2337 1750 2537 1795 causa
2579 1731 2701 1796 fiat
2747 1754 2860 1818 per

489 1820 706 1905 ipsum
753 1816 1173 1903 negligentia,
1233 1817 1340 1885 vel
1386 1840 1584 1899 error,
1650 1818 1824 1905 quod
1885 1816 2266 1905 principalis
2326 1840 2603 1903 persona
2655 1820 2862 1906 possit

484 1926 667 1971 suam
715 1926 977 1970 cansam
1026 1914 1395 1971 restaurare
1439 1928 1558 1992 per
1604 1905 1802 1971 alium
1848 1906 2259 1986 advocatum,
2305 1904 2411 1970 vel
2457 1926 2576 1991 per
2617 1907 2859 1992 ipsum,

527 2001 673 2058 rout
702 1992 1048 2079 principali
1108 2014 1427 2079 personae
1457 1993 1685 2058 melius
1708 1992 1923 2057 visum
1968 1992 2164 2057 fuerit
2207 1991 2537 2079 expedire.
2587 1997 2652 2075 §-
2681 1995 2742 2060 5.
2775 1994 2861 2059 Et

481 2016 659 2145 Eunc
704 2080 1048 2146 articulum
1095 2082 1584 2168 protestationis
1629 2079 1932 2147 advocati
1957 2078 2258 2145 similiter
2281 2080 2676 2146 interserere
2710 2102 2860 2145 con-

494 2174 872 2249 sueverunt,
918 2176 991 2232 ut
1050 2168 1228 2254 ipsos
1289 2166 1653 2233 incidentes
1699 2170 1767 2233 in
1814 2169 2068 2253 aliquas
2134 2187 2385 2252 poenas
2453 2167 2857 2255 principales

483 2275 800 2342 personae
845 2253 1235 2341 indempnes
1267 2264 1690 2340 conservent3
1737 2262 1802 2321 et
1844 2253 1964 2321 has
2006 2252 2254 2340 legales
2299 2275 2380 2318 ac
2429 2255 2860 2320 rationabiles

490 2340 996 2407 consuetudines
1082 2342 1355 2408 firmiter
1421 2342 1896 2429 approbamus3
1973 2342 2332 2429 praemissa
2413 2363 2572 2407 vero
2644 2343 2866 2408 omnia

486 2428 937 2515 approbantur
1000 2431 1337 2495 sententiis
1394 2431 1782 2515 juratorum.
1873 2430 1960 2493 Et
2026 2427 2269 2493 multae
2345 2426 2514 2493 aliae
2580 2439 2862 2514 possunt

488 2516 629 2580 fieri
701 2517 1219 2601 protestationes,
1289 2538 1449 2603 quas
1526 2516 1610 2581 ad
1670 2538 1978 2604 praesens
2058 2537 2258 2580 causa
2315 2512 2668 2581 brevitatis
2755 2514 2862 2581 ob·

434 2645 445 2667 .
490 2603 821 2676 mittimus,
889 2624 973 2667 ne
1040 2604 1458 2669 audientibus
1520 2626 1606 2669 ex
1667 2626 1743 2669 eo
1803 2603 2090 2668 taedium
2161 2601 2428 2688 aliquod
2489 2612 2862 2688 generetur.

488 2691 541 2839 ᾗ.
611 2689 672 2753 6.
762 2688 895 2755 Sed
962 2689 1297 2755 sciendum
1366 2700 1484 2771 est,
1597 2692 1727 2757 uod
1792 2692 1935 2756 istis
2003 2688 2525 2755 confessionibus
2591 2691 2670 2755 in
2710 2691 2857 2777 jure

518 2776 681 2840 actis
727 2774 1024 2859 stabitur,
1085 2778 1211 2841 nisi
1272 2714 1652 2866 principdiis
1701 2799 1978 2865 persona
2023 2776 2399 2864 probaverit
2444 2798 2514 2841 se
2560 2798 2857 2861 errasse3

487 2873 645 2928 tunc
690 2863 865 2928 enim
898 2864 1371 2929 confessionem
1406 2887 1716 2931 revocare
1763 2874 2009 2951 potest,
2057 2863 2332 2950 probato
2378 2884 2595 2930 errore
2648 2886 2856 2951 usque

488 2950 573 3014 ad
637 2950 1049 3015 diffinitivam
1112 2954 1534 3039 sententiam;
1583 2953 1700 3018 sed
1744 2951 1927 3017 nullo
1976 2951 2166 3017 modo
2213 2958 2439 3037 postea
2482 2962 2854 3030 revocatur,

487 3037 643 3124 quia
686 3058 865 3101 error
908 3036 1064 3103 facti
1109 3039 1398 3104 nondum
1445 3041 1628 3105 finito
1711 3040 1972 3125 negotio
2041 3038 2288 3125 nemini
2355 3046 2582 3121 nocet;
2659 3060 2857 3104 causa

486 3132 647 3189 'vero
692 3123 911 3189 decisa
970 3126 1339 3192 velamento
1385 3127 1499 3192 tali
1547 3125 1877 3192 ullatenus
1921 3133 2343 3193 restauretur.
2433 3126 2488 3210 ἓ.
2530 3127 2590 3191 7.
2639 3124 2857 3192 Debet

491 3211 685 3276 etiam
752 3212 1135 3299 principalis
1200 3236 1484 3301 persona
1550 3236 1838 3280 errorem
1899 3216 1997 3279 sui
2057 3212 2360 3279 advocati
2428 3233 2746 3279 revocare
2790 3214 2854 3277 in

492 3299 871 3382 continenti,
916 3322 1000 3365 ne
1045 3302 1170 3386 ipsi
1217 3309 1537 3388 appareat
1579 3302 1968 3368 consentire.

1506 3650 1684 3733 Gap.
1726 3648 1850 3716 ΧΙ.

1366 3770 1465 3834 De
1502 3770 1989 3857 probationibus.

664 3995 835 4077 Quia
880 4017 1071 4083 saepe
1116 3998 1455 4082 contingit,
1500 3995 1676 4083 quod
1722 4017 1814 4074 ea,
1863 4018 2030 4083 quae
2073 3999 2143 4062 in
2181 3999 2432 4085 judicio
2478 4020 2848 4085 proponun-

491 4091 615 4165 tur,
661 4081 1001 4169 probanda
1048 4093 1216 4164 sunt,
1286 4092 1519 4170 utputa
1586 4083 1964 4149 adversario
2011 4094 2311 4171 negante,
2359 4109 2508 4150 nam
2555 4108 2639 4151 ex
2684 4086 2847 4151 affir-

492 4171 775 4235 matione
818 4179 884 4235 et
928 4173 1274 4257 negatione
1335 4194 1439 4237 res
1500 4172 1778 4237 efficitur
1839 4172 2079 4236 dubia:
2127 4172 2303 4238 unde
2365 4175 2431 4238 in
2495 4173 2617 4238 hac
2662 4181 2843 4260 parte

494 4258 936 4323 necessarium
983 4258 1063 4323 de
1106 4258 1602 4345 probationibus
1651 4267 1751 4325 est
1795 4258 2039 4325 videre.
