3150 5017
1189 320 1654 389 ..199-

415 494 468 559 l.
510 497 569 577 ξ.
615 493 671 560 1.
716 493 790 561 Si
813 496 961 581 quis
983 516 1101 583 pro
1129 496 1484 563 violatione
1522 497 1864 563 convictus
1886 496 2102 580 fuerit,
2133 494 2594 579 decollabitur3

256 578 359 645 tali
414 602 562 647 vero
622 580 815 648 modo
876 583 1335 651 convincetur:
1399 588 1458 667 ξ.
1520 586 1579 650 2.
1627 584 1697 651 Si
1757 583 1956 651 fuerit
2027 585 2216 670 virgo
2279 583 2594 651 deflorata

256 668 377 733 sive
418 668 645 735 mulier
707 668 954 735 violata
1014 671 1082 735 in
1130 692 1379 755 camp0,
1447 692 1577 735 uno
1623 678 1810 752 teste,
1870 674 1938 736 in
1983 672 2272 753 civitate,
2333 669 2591 737 duobus

256 752 567 841 indigebit.
660 756 716 842 §-
762 756 822 822 3.
868 756 941 823 Si
1004 778 1160 823 vero
1220 767 1579 843 conquesta
1639 758 1836 825 fuerit
1893 760 2079 844 virgo
2147 758 2287 824 sive
2353 756 2590 823 mulier

254 862 357 926 pro
410 841 783 927 violatione,
843 851 909 909 et
964 852 1165 909 testes
1233 866 1365 910 non
1411 844 1736 925 habuerit,
1796 844 1912 911 sed
1971 841 2482 931 sanguinolenta
2525 853 2590 910 et

254 927 521 994 vestibus
581 930 848 1013 laniata,
907 931 1245 997 incusatus
1290 930 1767 1018 expurgabitur
1825 932 2084 998 duobus
2127 932 2406 998 testibus
2448 930 2586 997 ido·

252 1016 389 1081 neis-
435 1016 489 1101 §-
534 1017 596 1081 4.
641 1018 709 1082 Si
756 1025 973 1083 autem
1019 1038 1140 1083 nec
1210 1019 1715 1105 sanguinolenta
1761 1041 1885 1085 nec
1951 1018 2246 1085 vestibus
2312 1018 2580 1099 laniata,

252 1101 408 1167 solus
448 1104 517 1168 in
563 1124 759 1169 cruce
804 1126 875 1169 se
918 1106 1332 1191 expurgabit.
1380 1110 1443 1189 ἓ.
1488 1106 1549 1173 5.
1597 1106 1667 1173 Si
1713 1115 1934 1172 autem
1981 1108 2323 1172 convietus
2365 1106 2584 1181 fixerit,

244 1187 433 1339 jqdici
497 1190 860 1257 satisfaciat
924 1192 992 1255 in
1062 1194 1350 1279 quinque
1418 1194 1656 1259 marcis
1727 1195 2005 1278 argenti,
2072 1193 2355 1257 inimicis
2425 1212 2584 1259 vero

250 1296 285 1361 p
308 1276 519 1344 acatis.
2389 1283 2394 1291 '

400 1382 457 1446 2.
504 1386 563 1464 ξ.
616 1381 671 1447 1.
719 1383 849 1464 Qui
916 1384 1257 1449 convictus
1330 1383 1527 1451 fuerit
1604 1406 1718 1472 pro
1775 1383 2122 1450 invasione
2169 1383 2420 1465 domus,
2489 1382 2595 1448 d'e-

251 1464 612 1554 collabitur3
660 1469 777 1535 tali
821 1490 978 1535 vero
1023 1467 1217 1534 modo
1262 1474 1718 1548 convincetur:
1763 1474 1820 1553 ξ.
1867 1470 1929 1535 2.
1971 1469 2284 1536 'festibus
2333 1468 2598 1534 duobus

248 1551 477 1619 idoneis
523 1577 608 1621 ex
654 1564 931 1644 utraque
997 1565 1182 1644 parte
1229 1558 1463 1624 domus
1507 1560 1745 1624 vicinis
1812 1560 1967 1640 suis,
2036 1578 2200 1645 quos
2247 1558 2300 1622 si
2346 1555 2591 1621 habere

248 1660 360 1704 non
405 1651 633 1725 potest,
682 1664 878 1708 causa
924 1643 1224 1709 obstante
1269 1644 1584 1731 legitima,
1629 1654 1813 1711 trans
1849 1646 2035 1709 -viam
2077 1664 2283 1709 unum
2330 1641 2592 1726 habeat,

250 1728 369 1790 sive
391 1727 551 1795 alios
590 1729 901 1796 honestos
930 1732 1108 1797 cives
1132 1732 1418 1797 civitatis
1464 1742 1578 1798 aut
1603 1754 1806 1797 unum
1843 1733 2182 1820 juratum3
2229 1731 2322 1795 hii
2369 1738 2590 1796 autem

247 1821 419 1879 testes
461 1817 531 1882 in
576 1836 774 1883 cruce
808 1818 1171 1905 jurabunt:
1239 1818 1522 1885 Invasus
1568 1822 1798 1906 prim0‚
1867 1827 2096 1906 postea
2159 1826 2356 1883 testes
2401 1838 2588 1905 sepa-

248 1900 433 1981 ratim,
481 1903 667 1969 salvo
714 1912 935 1971 tamen
976 1906 1128 1991 jure
1149 1906 1375 1990 jurati.
1424 1910 1483 1989 ξ.
1529 1908 1590 1972 3.
1638 1907 1708 1971 Si
1753 1914 1972 1970 autem
2017 1906 2286 1969 invasor
2330 1901 2584 1970 ibidem

248 1986 602 2056 interfectus
648 1990 865 2073 fuerit,
912 1993 1211 2077 quamvis
1258 2002 1570 2068 mortuus,
1635 1990 2084 2059 decollabitur.
2132 1995 2196 2073 ξ.
2240 1991 2302 2055 4.
2351 1990 2422 2055 Si
2468 2013 2578 2055 au-

248 2080 359 2138 tem
401 2080 739 2144 convictus
784 2078 1001 2155 fuerit,
1046 2080 1331 2144 inimicis
1378 2079 1672 2167 placatis,
1710 2078 1939 2166 judici,
1983 2086 2056 2142 ut
2101 2099 2320 2163 supra.

400 2180 456 2241 3.
502 2184 560 2263 ξ.
613 2182 671 2247 1.
719 2182 849 2264 Qui
894 2192 1240 2248 accusatus
1286 2183 1483 2250 fuerit
1528 2204 1646 2272 pro
1693 2180 2054 2261 interfecto,
2101 2182 2313 2267 posito
2359 2202 2583 2248 coram

236 2262 482 2347 judicic,
527 2268 590 2332 si
636 2267 876 2351 due110,
924 2292 1044 2334 sex
1087 2268 1364 2335 testibus
1410 2269 1904 2359 eiipurgabitur,
1971 2269 2110 2333 sive
2154 2289 2285 2332 uno
2323 2268 2590 2368 juratoj

244 2348 288 2411 si
329 2361 539 2418 autem
602 2355 825 2441 jurato
871 2357 1225 2433 incusatur,
1296 2380 1447 2423 reus
1492 2360 1632 2424 erit.
1679 2358 1733 2443 ξ.
1780 2356 1839 2421 2.
1886 2354 1957 2421 Si
2001 2376 2157 2419 vero
2203 2376 2328 2421 nec
2373 2356 2591 2439 jurato

242 2458 351 2503 nec
391 2438 613 2506 duello
659 2442 1018 2525 incusatur,
1066 2443 1245 2508 solus
1280 2444 1658 2531 juramento
1707 2440 2200 2529 expurgabitur.
2379 2454 2382 2459 '

396 2542 453 2609 4.
501 2548 561 2627 ξ.
616 2548 670 2610 1.
718 2546 849 2627 Qui
892 2548 1098 2632 judici
1145 2550 1497 2614 emendare
1539 2548 1841 2631 voluerit,
1909 2568 2026 2635 pro
2072 2545 2417 2616 interfecto
2447 2554 2598 2613 tres

243 2650 472 2695 marcas
518 2630 754 2715 solvet,
797 2634 1083 2699 inimicis
1128 2634 1339 2722 primo
1386 2634 1688 2721 placatis.
1759 2640 1818 2719 ξ.
1866 2636 1931 2708 2.,
1971 2632 2043 2699 Si
2088 2643 2316 2699 autem·
2355 2633 2441 2699 ali
2491 2633 2594 2702 uis

244 2736 385 2801 prae
429 2717 742 2807 superbia
786 2718 1005 2786 duello
1054 2742 1123 2786 se
1169 2742 1487 2787 excusare
1529 2722 1832 2797 voluerit,
1899 2729 1964 2786 et
2030 2721 2115 2786 ad
2159 2743 2429 2809 pugnan
2479 2743 2587 2803 um

245 2804 537 2872 circulum
590 2807 950 2889 intraverit,
1016 2815 1297 2894 quatuor
1340 2831 1618 2875 marcas.
1709 2814 1771 2893 ξ.
1816 2810 1875 2875 3.
1921 2808 1990 2873 Si
2038 2807 2277 2894 aliquis
2384 2804 2589 2893 ugna'-

246 2892 410 2976 verit,
478 2893 772 2981 quinque
838 2916 1095 2959 marcas
1164 2893 1346 2960 dabit
1398 2895 1630 2982 judici,
1697 2896 1979 2962 inimicis
2025 2896 2236 2981 primo
2281 2918 2324 2982 p
2353 2896 2578 2959 acatis.

398 2996 457 3063 5.
502 3002 563 3080 ξ.
618 3007 675 3063 1.
722 2997 853 3078 Qui
899 2998 1183 3086 aliquem
1252 2998 1699 3065 vulneraverit
1764 2998 1867 3065 vel
1913 2998 2259 3068 vulnerare
2302 2997 2588 3063 voluerit

248 3087 305 3143 et
341 3081 444 3149 ille
490 3085 861 3150 econtrario
930 3106 1001 3153 se
1045 3083 1456 3151 defendendo
1501 3086 1788 3174 aliquem
1833 3086 2292 3160 vulneraverit,
2340 3093 2454 3151 aut
2498 3087 2590 3151 in·

246 3168 571 3255 tei-fecerit,
618 3179 783 3237 teste
849 3170 1105 3255 idoneo,
1151 3172 1405 3259 hospite
1450 3174 1738 3239 civitatis
1784 3180 1898 3236 aut
1941 3170 2089 3238 aliis
2135 3171 2388 3244 duobus
2435 3172 2590 3237 civi-

244 3249 355 3319 bus
400 3259 561 3325 viris
607 3259 883 3341 idoneis,
958 3280 1090 3325 non
1149 3258 1575 3347 judicabitur.
1625 3260 1677 3345 ξ.
1725 3260 1783 3325 2.
1831 3258 1901 3325 Si
1948 3267 2162 3325 autem
2210 3258 2323 3325 ille
2369 3280 2593 3346 super-

244 3336 353 3406 bus
404 3343 591 3411 illum
634 3344 1107 3429 vulneraverit,
1153 3348 1511 3430 convictus,
1559 3368 1760 3412 manu
1806 3346 2235 3413 truncabitur.
2308 3350 2369 3429 ἓ.
2405 3348 2473 3411 «3.
2524 3346 2594 3413 Si

246 3438 443 3495 autem
511 3431 938 3515 interfecerit,
1006 3432 1439 3501 decollabitur
1461 3484 1475 3511 ,
1560 3433 1835 3501 testibus
1903 3443 2121 3499 tamen
2196 3433 2590 3520 praemissis,

243 3514 507 3585 inimicis
551 3520 855 3606 placatis,
890 3520 1105 3607 judici
1149 3529 1222 3585 ut
1266 3543 1486 3608 supra.
2179 3584 2184 3589 .

400 3623 457 3687 6.
504 3628 565 3707 ἓ.
617 3626 671 3689 1.
720 3623 850 3705 Qui
895 3624 1180 3711 aliquem
1222 3647 1341 3712 pro
1365 3624 1790 3691 defloratione
1812 3626 2087 3711 virginis
2109 3624 2216 3691 vel
2241 3623 2592 3689 vio-latione

247 3704 521 3777 mulieris
566 3711 672 3777 vel
717 3712 1061 3777 invasione
1107 3712 1339 3777 domus
1384 3712 1490 3779 vel
1534 3710 1884 3779 homicidio
1929 3710 2038 3778 vel
2082 3732 2198 3799 pro
2242 3712 2369 3777 hiis
2415 3711 2588 3776 simi·-

246 3788 420 3871 libus,
488 3819 709 3864 coram
777 3796 1021 3884 judicio
1094 3800 1165 3864 in
1232 3799 1708 3887 querimoniam
1775 3800 2067 3875 traxerit,
2136 3808 2200 3864 et
2257 3800 2326 3863 in
2371 3799 2588 3883 ipsum

243 3881 587 3979 praedictos
630 3884 945 3950 articulos
988 3886 1264 3972 probare
1309 3908 1438 3951 non
1486 3888 1725 3973 poterit
1770 3887 2144 3952 testimonio
2211 3884 2578 3951 antedicto:

239 3965 431 4048 ¹judici
471 3972 539 4035 in
586 3993 799 4058 poena
821 3971 944 4038 LX
966 3972 1321 4039 solidorum
1370 3972 1756 4061 subjaeebit,
1803 3970 2223 4059 respondenti
2267 3974 2338 4037 in
2381 3971 2586 4037 XXX

249 4049 581 4126 solidorum
603 4109 620 4139 ,
688 4058 959 4125 cuilibet
1008 4066 1378 4141 jnratorum
1424 4061 1493 4126 in
1538 4060 1672 4127 XV
1717 4059 1853 4143 sol„
1923 4058 2086 4124 nihil
2129 4058 2584 4126 relaxandum.

250 4140 304 4217 ξ.
344 4140 397 4205 2.
438 4143 508 4209 Si
552 4155 767 4211 autem
814 4147 956 4213 sine
986 4149 1359 4213 testimonio
1404 4148 1876 4237 querimoniam
1908 4146 2389 4233 praedictorum
2435 4148 2582 4214 arti·-

250 4225 519 4297 culorum
566 4235 714 4321 quis
758 4235 827 4299 in
872 4234 1071 4299 alium
1119 4237 1413 4313 moverit,
1480 4233 1885 4322 respondens
1931 4255 2000 4300 se
2045 4256 2179 4301 una
2225 4257 2422 4301 manu
2469 4256 2580 4300 ex-

248 4318 553 4403 purgabit,
596 4329 779 4388 actor
824 4342 1082 4409 quoque
1127 4322 1293 4387 nulli
1337 4344 1592 4410 poenae
1635 4319 2018 4409 subjacebit.
