3150 5017
1189 319 1623 392 ...41⁴-

407 494 489 562 In
533 497 802 564 nomine
847 503 1116 564 sanctae
1160 505 1226 564 et
1269 495 1655 562 individuae
1698 492 2054 563 Trinitatis.
2098 495 2335 564 Amen.

407 583 799 650 Fredericus
825 582 1053 647 divina
1097 583 1362 648 favente
1407 583 1757 648 clementia
1785 584 2227 650 Romanorum
2258 587 2355 649 im>
2398 594 2617 650 ersten

232 669 480 736 electus
525 677 594 736 et
635 689 895 755 semper
937 678 1285 754 augustus,
1331 690 1452 734 rex
1515 667 1812 752 Siciliae,
1874 669 2149 736 ducatus
2205 674 2359 758 Apu
2386 674 2489 737 iae
2548 680 2615 736 et

230 756 641 842 principatus
688 755 978 842 Capuae.
2592 761 2599 768 ’

406 840 513 906 Ad
557 841 972 915 extollendos
1016 841 1238 926 regiae
1280 839 1695 906 celsitudinis
1736 840 1963 908 titulos
2004 861 2230 908 eorum
2272 843 2446 908 votis
2488 861 2611 906 nos

233 926 504 992 uberius
549 927 880 992 acclinare
947 927 1359 992 decrevimus
1383 974 1400 1009 ‚
1450 947 1726 1012 quorum
1792 928 1991 994 fidem
2057 937 2123 995 et
2190 929 2607 1009 devotionem

231 1014 412 1078 circa
453 1015 766 1078 universa
809 1014 1076 1097 negotia
1119 1021 1344 1078 nostra
1359 1014 1838 1162 dpromovenda
1900 1015 2224 1100 integram
2280 1023 2346 1080 et
2388 1015 2615 1079 incon-

229 1098 488 1164 vulsam
533 1099 792 1164 certiori
837 1119 920 1163 ex
969 1099 1246 1165 erientia
1290 1098 1354 1163 di
1405 1100 1659 1165 icimus.
1746 1099 2040 1185 Dignum
2085 1103 2261 1166 enim
2308 1108 2375 1166 et
2416 1098 2609 1165 hone·

242 1193 418 1250 stum
467 1183 864 1251 arbitramur
933 1205 1064 1266 ore,
1121 1193 1210 1250 ut·
1242 1207 1466 1250 eorum
1513 1186 1627 1271 qui
1672 1187 2061 1270 promotioni
2106 1196 2369 1252 nostrae
2393 1185 2478 1251 ab
2502 1201 2613 1249 ex·

229 1269 418 1336 ordio
471 1273 774 1338 assistere
817 1278 950 1336 non
995 1270 1480 1352 dubitaverunt,
1546 1280 1731 1338 tanto
1776 1272 2079 1337 solertius
2126 1272 2457 1358 obsequiis
2516 1270 2615 1334 re·

227 1356 693 1444 spondeamus,
737 1365 812 1423 ut
855 1358 1054 1422 etiam
1097 1379 1322 1423 eorum
1367 1358 1669 1445 exemplo
1712 1357 2062 1445 plerosque
2085 1358 2251 1424 alios
2294 1358 2381 1422 ad
2426 1357 2609 1422 favo·

229 1465 368 1509 rem
417 1450 710 1508 nostrum
753 1443 1016 1508 facilius
1059 1443 1324 1508 allicere
1360 1442 1721 1508 valeamus.

407 1529 546 1594 Nos
587 1530 812 1615 itaque
855 1529 1455 1594 animadvertentes
1499 1529 1840 1613 praeclara
1884 1529 2253 1596 devotionis
2271 1527 2609 1614 obsequia,

225 1636 398 1703 quae
439 1613 712 1680 illustris
755 1637 877 1681 rex
917 1617 1314 1682 Boemorum
1360 1615 1759 1682 Ottacharus
1801 1616 2033 1681 intimo
2078 1615 2299 1681 cordis
2360 1613 2605 1680 affectu

227 1723 380 1766 cum
427 1701 738 1767 universa
793 1702 1190 1769 Boemorum
1255 1711 1456 1788 gente
1519 1701 1841 1767 hactenus
1904 1701 2097 1767 nobis
2161 1699 2464 1766 exhibuit
2530 1721 2613 1766 ac

225 1789 430 1853 etiam
471 1788 758 1853 Domino
801 1785 1132 1874 largiente.
1165 1789 1236 1853 in
1281 1796 1673 1874 perpetuum
1718 1796 1817 1854 est
1858 1787 2293 1862 exhibiturus,
2338 1787 2475 1850 suis
2519 1782 2611 1850 ad

227 1895 548 1961 praesens
590 1873 662 1937 in
705 1884 1024 1960 quantum
1069 1895 1437 1961 possumus,
1471 1873 1868 1960 respondere
1893 1874 2232 1959 cupientes
2256 1870 2611 1958 obsequiis,

224 1969 456 2026 notum
501 1960 780 2025 facimus
821 1967 959 2024 tum
1005 1962 1460 2061 praesentibus
1503 1981 1697 2046 quam
1744 1959 2001 2041 futuris,

407 2045 518 2131 (Ι.)
563 2044 760 2126 Quod
801 2068 924 2112 nos
966 2047 1182 2112 eidem
1225 2047 1366 2131 regi
1409 2047 1723 2110 Boemiae
1784 2044 2107 2110 donamus
2151 2052 2217 2109 et
2262 2042 2607 2108 confirma·

227 2153 378 2196 mus
422 2152 503 2196 ac
545 2132 617 2194 in
661 2139 1044 2218 perpetuam
1087 2133 1568 2219 possessionem
1612 2129 1931 2197 tradimus
1976 2129 2443 2216 proprietatem
2490 2149 2605 2192 no-

227 2227 436 2284 stram
481 2216 726 2282 Vlozze
785 2239 934 2284 cum
993 2217 1530 2284 ministerialibus
1585 2217 1791 2283 servis
1854 2218 2325 2302 cujuscumque
2368 2212 2611 2278 fuerint

229 2303 647 2386 conditionis,
692 2305 1000 2391 omnique
1013 2304 1186 2390 juris
1223 2306 1597 2390 integritate
1620 2302 2060 2390 quarumlibet
2098 2301 2607 2390 possessionum,

227 2398 432 2477 prout
473 2409 638 2455 avus
681 2399 905 2457 noster
947 2390 1322 2456 Fridericus
1337 2439 1356 2474 ,
1402 2392 1550 2477 piae
1596 2390 1949 2456 memoriae
2006 2387 2329 2474 gloriosus
2372 2385 2610 2450 Roma·

233 2497 480 2628 ἒιοτιόῑιῑι
521 2475 880 2562 imperator
921 2485 1240 2562 augustus
1263 2525 1283 2560 ‚
1351 2478 1509 2543 emit
1551 2498 1593 2542 a
1637 2476 1907 2542 domina
1948 2474 2233 2542 Adleida
2274 2473 2610 2539 comitissa

278 2584 315 2629 e
454 2583 655 2628 ewen.

411 2647 554 2734 (II.)
596 2647 763 2714 Item
811 2644 1133 2714 donamus
1175 2650 1237 2714 ei
1280 2657 1346 2715 et
1389 2650 1850 2714 confirmamus
1895 2655 2179 2712 castrum
2203 2693 2222 2728 ,
2290 2641 2469 2732 quod
2514 2642 2610 2707 di·

233 2735 412 2799 citur
455 2735 922 2817 Svarcenberc,
968 2752 1118 2800 cum
1164 2734 1699 2800 ministerialibus
1726 2734 1933 2800 servis
1978 2734 2429 2818 cujuscunque
2454 2731 2607 2794 sint

233 2819 652 2903 conditionis,
698 2823 1008 2907 omnique
1025 2821 1196 2908 juris
1225 2822 1597 2906 integritate
1630 2818 2073 2906 quarumlibet
2099 2819 2609 2904 possessionum,

232 2915 310 2972 ut
359 2905 576 2970 dictus
619 2928 784 2972 avus
829 2907 1054 2973 noster
1095 2907 1254 2973 emit
1298 2929 1340 2971 a
1383 2907 1549 2972 duce
1594 2905 1889 2972 Henrico
1933 2906 2015 2970 de
2060 2901 2365 2969 Medelic.

384 2990 596 3080 (111.)
640 2992 808 3058 Item
853 2991 1175 3059 donamus
1221 2995 1281 3058 ei
1325 3002 1390 3058 et
1447 2994 1908 3058 confirmamus
1953 2990 2379 3077 provinciam,
2438 3005 2609 3072 quae

228 3077 430 3143 Milin
477 3077 732 3161 dicitur,
777 3100 926 3144 cum
960 3078 1394 3145 Richenbach
1437 3089 1502 3144 et
1546 3079 1849 3145 omnibus
1896 3075 2305 3163 pertinentiis
2348 3073 2507 3138 suis.

413 3161 588 3251 (IV.)
633 3164 802 3230 Item
850 3163 1172 3230 donamus
1219 3167 1279 3231 ei
1325 3175 1392 3232 et
1433 3167 1897 3232 confirmamus
1952 3172 2239 3251 castrum
2282 3158 2611 3250 Lichtem-

235 3249 412 3316 stein
457 3271 608 3315 cum
652 3249 956 3316 omnibus
999 3252 1410 3338 pertinentiis
1453 3253 1611 3317 suis.

411 3335 552 3422 (V.)
597 3336 1087 3418 Eidemxetiam-
1132 3339 1271 3423 regi
1329 3337 1752 3403 concedimus
1796 3338 1866 3401 in
1910 3333 2239 3422 pheodum
2306 3353 2386 3398 ac
2449 3351 2599 3396 con-

231 3421 576 3488 firmamus
634 3425 1080 3510 possessiones
1146 3423 1423 3491 Mantile
1479 3433 1544 3489 et
1599 3425 1771 3508 Lue,
1840 3443 1989 3494 cum
2047 3420 2355 3488 omnibus
2412 3416 2611 3510 perti·

231 3508 478 3574 nentiis
523 3510 679 3574 suis.

415 3591 580 3676 (VI.)
623 3594 970 3661 Praeterea
993 3605 1278 3662 castrum
1299 3595 1526 3662 Donin
1571 3616 1721 3660 cum
1767 3595 1901 3661 suis
1944 3593 2357 3682 pertinentiis
2404 3588 2601 3652 dona-

239 3699 389 3744 mus
435 3687 503 3745 et
546 3681 1024 3764 confirmamus,
1071 3683 1126 3746 si
1171 3679 1338 3748 illud
1361 3703 1402 3746 a
1425 3681 1799 3748 marchione
1823 3681 2231 3747 Missenense
2264 3673 2609 3773 absolvere

232 3765 628 3852 poterimus3
674 3767 729 3831 si
772 3789 927 3834 vero
952 3768 1166 3854 ipsum
1191 3778 1477 3833 castrum
1501 3767 1844 3834 absolvere
1870 3788 2003 3832 non
2027 3765 2403 3853 poterimus,
2431 3781 2610 3845 qule-

235 3850 546 3937 quidjtres
568 3851 652 3917 ab
679 3853 904 3919 eodem
931 3875 1084 3939 rege
1123 3854 1422 3920 electiIm
1434 3855 1597 3940 perii
1626 3842 1980 3941 principes,
2013 3853 2125 3937 qui
2140 3853 2299 3914 tunc
2314 3848 2380 3912 in
2400 3847 2613 3932 gratia

229 3946 460 4003 nostra
479 3937 742 4020 fuerint,
788 3961 936 4005 cum
974 3941 1184 4006 tribus
1216 3942 1486 4026 supanis
1515 3939 1945 4022 decreverint,
1975 3937 2193 4002 facere
2218 3942 2613 4018 satagemus.

409 4021 502 4088 Ut
543 4033 764 4092 autem
807 4034 1071 4092 nostrae
1123 4025 1538 4092 liberalitatis
1600 4026 1905 4107 donatio,
1965 4023 2303 4089 concessio
2350 4027 2416 4085 et
2460 4041 2613 4084 con·

231 4108 516 4174 firmatio
557 4111 794 4198 majori
836 4113 1155 4178 innitatur
1196 4112 1435 4197 robori,
1481 4119 1548 4178 et
1590 4112 1993 4176 evidentiore
2040 4107 2299 4174 futurae
2360 4127 2609 4170 succes-

235 4195 408 4262 sioni
452 4205 674 4284 pateat
716 4199 1012 4282 veritate,
1056 4221 1370 4288 praesens
1414 4197 1833 4285 privilegium
1878 4218 1999 4284 per
2044 4217 2277 4288 manus
2338 4189 2615 4289 Henrici
