3150 5017
1178 349 1651 430 ,ραγ-

239 552 293 632 g.
332 546 393 611 2.
453 540 539 605 Et
594 539 652 603 si
710 558 858 601 cum
918 556 1087 622 equo
1144 545 1371 622 raptus
1416 533 1616 599 fuerit
1659 556 1806 600 cum
1854 535 2144 621 pondere
2187 539 2579 623 graminum,

242 630 435 727 judici
476 647 576 690 res
623 624 895 690 ondebit
935 624 1004 686 in
1049 621 1160 687 lot.
1206 630 1271 687 et
1312 620 1490 687 laeso
1536 623 1607 686 in
1655 621 1928 687 dimidio
1973 623 2247 689 fertone.

403 714 505 779 53.
616 709 788 776 ullus
846 709 1169 775 baronum
1232 707 1343 774 vel
1402 708 1722 774 nobilium
1785 717 1900 774 aut
1943 710 2225 775 militum
2271 718 2390 775 aut
2433 730 2584 798 pro-

244 800 602 873 vincialium
648 800 787 863 sive
810 796 1155 862 curialium
1198 794 1487 882 aliquam
1530 795 1917 861 violentiam
1959 795 2068 863 vel
2111 799 2591 884 praesuinptio-

248 914 381 960 nem
422 889 493 952 in
538 884 767 951 eadem
814 885 1081 949 civitate
1127 891 1353 949 nostra
1396 890 1625 948 contra
1669 882 1957 971 aliquem
2026 904 2336 949 exercere
2398 906 2584 970 prae-

246 983 441 1046 sumat
483 993 608 1038 nec
652 992 731 1035 ca
775 971 869 1035 iat
912 971 1055 1035 sine
1098 972 1267 1034 scitu
1302 969 1549 1055 judicis
1594 972 1798 1035 nostri
1846 979 1912 1034 et
1944 972 2336 1056 Juratorum.

394 1064 498 1130 54.
544 1059 725 1139 Quili
774 1065 841 1123 et
882 1056 1077 1122 homo
1120 1057 1223 1121 sui
1268 1078 1533 1142 compos
1581 1078 1729 1122 cum
1774 1056 1966 1122 bonis
2011 1059 2147 1123 suis
2191 1057 2388 1123 faciet
2411 1058 2598 1144 quid-

244 1152 385 1241 quid
424 1146 589 1225 vult,
634 1144 939 1232 quamvis
984 1164 1155 1207 uxor
1198 1164 1317 1207 sua
1358 1142 1768 1209 contradicat
1835 1153 1900 1210 et
1967 1145 2156 1231 pueri
2219 1144 2595 1211 reclament.
2707 1172 2712 1177 ·

404 1238 507 1305 55.
554 1228 828 1318 Propter
870 1230 1283 1296 concordiam
1330 1238 1395 1295 et
1440 1229 1683 1295 bonum
1729 1233 1912 1318 pacis
1954 1254 2128 1297 unus
2170 1240 2424 1297 tantum
2473 1232 2596 1297 erit

240 1327 433 1413 judex
472 1324 549 1387 in
594 1319 822 1384 eadem
869 1327 1097 1383 nostra
1139 1318 1407 1382 civitate
1452 1326 1517 1381 et
1560 1338 1693 1382 non
1737 1318 1984 1405 plures.

398 1428 500 1493 56.
572 1420 642 1488 Si
691 1422 901 1510 jurati
978 1423 1048 1485 in
1122 1419 1522 1507 maniloquio
1589 1420 1872 1509 aliquem
1939 1423 2396 1488 accusaverint
2435 1430 2502 1487 et
2545 1421 2602 1487 si

251 1514 447 1601 judex
502 1532 654 1577 cum
712 1509 876 1597 ipsis
923 1509 1225 1596 judicare
1267 1506 1570 1590 noluerit,
1621 1509 1828 1595 jurati
1871 1511 2255 1575 innocentes
2297 1518 2492 1574 erunt
2534 1516 2600 1575 et

240 1602 433 1691 judex
476 1600 603 1665 erit
643 1596 713 1660 in
760 1595 973 1683 culpa.

392 1706 495 1772 57.
545 1705 608 1785 ἓ.
661 1702 715 1765 1.
756 1700 835 1765 Si
880 1700 1026 1787 quis
1070 1697 1413 1765 honerosis
1457 1698 1832 1787 implicatus
1880 1699 2117 1766 debitis
2178 1722 2312 1767 non
2367 1698 2598 1767 valens

238 1793 421 1859 rebus
462 1786 819 1856 mobilibus
864 1785 1257 1872 persolvere,
1300 1795 1367 1851 et
1410 1788 1464 1851 si
1510 1785 1712 1852 habet
1751 1785 2182 1853 hereditatem
2247 1809 2446 1874 quam
2493 1785 2592 1853 illi

236 1902 342 1967 pro
398 1876 625 1945 debito
686 1872 1037 1959 obligabit:
1105 1871 1217 1937 ille
1276 1874 1383 1937 cui
1444 1871 1712 1959 obligat,
1774 1873 1947 1938 infra
2010 1896 2129 1938 sex
2191 1876 2596 1960 septimanas

238 1988 437 2033 coram
493 1960 752 2052 judicic
820 1959 1094 2027 eandem
1140 1957 1570 2025 hereditatem
1630 1968 1730 2024 ter
1787 1960 2240 2047 proclamabit,
2314 1971 2380 2025 et
2448 1969 2596 2047 post

234 2056 453 2119 trinam
499 2048 1078 2137 proclamationem
1126 2046 1181 2110 si
1226 2068 1357 2110 non
1404 2046 1777 2129 exsolverit,
1832 2047 2046 2133 judex
2116 2046 2244 2113 sibi
2317 2046 2404 2111 ad
2473 2069 2592 2113 an-

234 2162 374 2205 num
442 2145 509 2205 et
576 2136 662 2201 ad
734 2154 938 2199 unum
995 2132 1168 2198 diem
1227 2134 1585 2199 tenendum
1643 2134 2107 2217 praesentabit.
2197 2137 2256 2215 §-
2316 2135 2379 2199 2.
2441 2133 2589 2215 Quo

233 2227 401 2293 finito
446 2227 501 2292 si
548 2221 807 2288 nullum
850 2219 1008 2285 inde
1051 2220 1336 2285 fructum
1381 2224 1697 2308 percepit,
1731 2220 1947 2308 judex
1991 2220 2121 2285 sibi
2163 2242 2306 2285 eam
2333 2222 2596 2307 proprie

237 2309 641 2401 subjugabit3
689 2309 743 2373 si
788 2318 1007 2373 autem
1053 2306 1337 2393 aliquem
1403 2308 1558 2373 inde
1625 2309 1908 2373 fructum
1954 2310 2283 2395 percepit,
2341 2307 2594 2373 tamdiu

233 2400 467 2467 tenebit
512 2398 728 2463 donec
773 2394 1029 2461 debitor
1070 2392 1395 2459 liberabit.

388 2503 491 2569 58.
542 2506 606 2585 ξ.
660 2506 716 2566 1.
764 2498 888 2566 Cui
935 2496 1192 2565 debitor
1238 2520 1396 2564 suus
1440 2520 1591 2563 cum
1637 2520 1837 2563 manu
1883 2520 2000 2586 per
2036 2498 2331 2585 judicem
2398 2499 2598 2565 fuerit

230 2597 694 2676 praesentatus,
738 2586 989 2652 tenebit
1031 2606 1182 2650 eum
1228 2586 1297 2649 in
1341 2594 1702 2673 temperato
1746 2607 1873 2650 nec
1915 2586 2157 2673 frigore
2220 2588 2420 2652 nimio
2468 2608 2594 2653 nec

231 2676 453 2761 calore,
500 2677 679 2742 ferro
737 2671 1046 2748 manuali,
1107 2680 1173 2736 et
1218 2681 1444 2758 pascet
1506 2694 1656 2737 eum
1718 2682 1954 2759 quarta
1999 2682 2185 2756 parte
2230 2676 2424 2761 panis
2468 2696 2588 2761 pro

230 2762 480 2829 denario
528 2761 732 2849 empti
780 2766 847 2824 et
889 2759 1082 2847 cipho
1127 2780 1357 2845 aquae.
1447 2762 1508 2841 ἓ.
1558 2760 1620 2823 2.
1669 2759 1740 2824 Si
1783 2768 2004 2825 autem
2050 2760 2251 2827 talem
2311 2764 2594 2826 evaserit

230 2872 299 2915 ca
344 2852 690 2929 tivitatem,
751 2847 824 2913 in
889 2866 1303 2932 quocumque
1348 2848 1500 2912 loco
1559 2848 1776 2933 ipsum
1839 2848 2189 2928 invenerit,
2263 2846 2594 2913 mediante

223 2938 291 3023 ju
337 2939 458 3003 icio
503 2939 725 3023 ipsum
771 2933 1041 2999 tenebit.
1131 2936 1191 3015 ξ.
1237 2934 1296 2997 3.
1345 2932 1414 2999 Si
1460 2941 1680 2998 autem
1727 2955 1874 2998 cum
1921 2955 2041 2999 suo
2087 2955 2409 2999 consensu
2436 2956 2587 3021 cap-

230 3025 533 3091 tivitatem
566 3022 867 3103 evaserit,
914 3021 1042 3084 nisi
1077 3018 1335 3106 judicio
1380 3020 1712 3086 mediante
1757 3022 2040 3107 amplius
2087 3022 2142 3085 si
2186 3020 2332 3085 vult
2359 3020 2439 3086 de
2465 3024 2590 3087 eis-

230 3108 364 3175 dem
409 3110 651 3177 debitis
678 3107 803 3173 sibi
846 3128 980 3171 non
1024 3104 1466 3193 respondebit,
1514 3115 1579 3172 et
1615 3108 1994 3191 juramento
2039 3109 2094 3171 si
2140 3106 2284 3174 vult
2326 3130 2396 3173 se
2421 3116 2594 3195 post·

232 3198 484 3263 modum
529 3194 928 3281 expurgabit
971 3215 1089 3281 pro
1136 3193 1364 3259 eodem
1410 3192 1652 3259 debito.

386 3302 491 3367 59.
540 3298 790 3366 Omnes
850 3306 1103 3363 montes
1158 3298 1268 3383 qui
1329 3298 1398 3362 in
1458 3295 1814 3363 hereditate
1874 3306 2100 3361 nostra
2159 3306 2224 3363 et
2283 3298 2352 3363 in
2397 3296 2592 3365 bonis

233 3386 505 3454 militum
568 3396 633 3452 et
690 3384 965 3451 aliorum
1024 3383 1358 3449 hominum
1421 3392 1789 3449 nostrorum
1850 3386 2100 3449 inventi
2163 3384 2426 3467 fuerint,
2504 3385 2592 3451 ad

183 3526 192 3537 .
232 3472 497 3540 eandem
544 3475 878 3539 civitatem
926 3479 991 3536 et
1035 3473 1213 3537 cives
1258 3479 1515 3536 nostros
1560 3474 1938 3557 pertineant
1977 3492 2127 3536 cum
2175 3494 2483 3537 mensura
2529 3476 2595 3537 'et

221 3559 360 3645 jure
416 3559 629 3639 totali,
688 3568 1148 3647 praeterquam
1208 3559 1278 3622 in
1346 3558 1561 3623 tribus
1609 3558 1985 3623 civitatibus
2030 3560 2288 3641 nostris,
2336 3559 2589 3625 scilicet

229 3646 522 3735 Slapans,
569 3646 735 3711 Bela
778 3655 843 3711 et
887 3644 1271 3727 Chotebors,
1318 3643 1401 3708 ad
1448 3666 1613 3731 quos
1659 3666 1884 3710 omnes
1934 3654 2189 3711 montes
2232 3647 2484 3711 inventi
2522 3646 2593 3710 in

228 3732 427 3800 laneis
471 3736 766 3820 ipsorum
811 3730 987 3820 quod
1029 3730 1390 3817 vulgariter
1435 3732 1673 3799 dicitur
1733 3731 2083 3806 hueben,
2133 3734 2250 3818 qui
2295 3734 2390 3797 eis
2437 3741 2593 3797 sunt

230 3823 597 3902 mensurati,
646 3842 794 3885 cum
840 3838 1143 3884 mensura
1186 3828 1251 3883 et
1295 3820 1470 3884 omni
1508 3820 1662 3903 jure
1707 3840 1826 3885 suo
1871 3821 2311 3905 pertinebunt.

389 3927 493 3991 60.
544 3928 605 4008 ἓ.
656 3926 712 3990 1.
758 3925 889 4006 Qui
934 3930 1474 4009 praesumptuose
1518 3922 1860 3988 tabernam
1921 3922 2209 4009 aliquam
2254 3924 2596 3989 intraverit

229 4011 468 4080 ratione
513 4012 719 4093 rixae,
765 4020 831 4076 et
876 4012 933 4075 si
976 4008 1220 4075 ibidem
1260 4011 1536 4074 moverit
1571 4009 1859 4096 aliquam
1902 4010 2340 4092 insolentiam,
2387 4018 2568 4076 ante·

274 4118 418 4163 uam
459 4107 719 4187 portato
766 4098 892 4163 sibi
935 4106 1097 4184 potu
1140 4096 1344 4163 semel
1390 4096 1652 4179 biberit,
1698 4098 2038 4162 convictus
2082 4119 2202 4184 pro
2247 4099 2596 4163 invasione

277 4204 450 4249 omns
486 4183 917 4277 judicabitur.
964 4186 1023 4267 §-
1070 4185 1132 4249 2.
1180 4183 1250 4249 Si
1276 4190 1495 4250 autem
1520 4185 1774 4250 intrans
1818 4186 2133 4271 requisito
2182 4193 2341 4273 potu
2387 4184 2592 4252 semel

230 4268 476 4353 biberit,
547 4280 611 4338 et
675 4280 904 4360 postea
961 4271 1252 4337 insolens
1312 4268 1527 4354 fuerit,
1592 4294 1724 4337 non
1781 4272 2194 4357 judicabitur
2237 4294 2356 4359 pro
2402 4275 2589 4340 inva-
2637 4280 2650 4291 ’

235 4377 375 4425 sore
414 4361 671 4426 domus.
