<?xml version="1.0" encoding="UTF-8"?>
<!DOCTYPE html PUBLIC "-//W3C//DTD XHTML 1.0 Transitional//EN"
    "http://www.w3.org/TR/xhtml1/DTD/xhtml1-transitional.dtd">
<html xmlns="http://www.w3.org/1999/xhtml" xml:lang="en" lang="en">
 <head>
  <title>
</title>
<meta http-equiv="Content-Type" content="text/html;charset=utf-8" />
  <meta name='ocr-system' content='tesseract 3.04.00' />
  <meta name='ocr-capabilities' content='ocr_page ocr_carea ocr_par ocr_line ocrx_word'/>
</head>
<body>
  <div class='ocr_page' id='page_1' title='image "./codexjurisbohem01unkngoog_0270.png"; bbox 0 0 3150 5017; ppageno 0'>
   <div class='ocr_carea' id='block_1_1' title="bbox 552 446 2906 799">
    <p class='ocr_par' dir='ltr' id='par_1_1' title="bbox 552 446 2899 627">
     <span class='ocr_line' id='line_1_1' title="bbox 552 446 2899 537; baseline -0.003 -16"><span class='ocrx_word' id='word_1_1' title='bbox 552 476 723 537; x_wconf 78' lang='lat' dir='ltr'>mus,</span> <span class='ocrx_word' id='word_1_2' title='bbox 768 454 1023 519; x_wconf 72' lang='lat' dir='ltr'>uni-tam</span> <span class='ocrx_word' id='word_1_3' title='bbox 1068 474 1222 519; x_wconf 68' lang='lat' dir='ltr'>esse</span> <span class='ocrx_word' id='word_1_4' title='bbox 1258 452 1587 534; x_wconf 81' lang='lat' dir='ltr'>volumus,</span> <span class='ocrx_word' id='word_1_5' title='bbox 1633 460 1708 517; x_wconf 91' lang='lat' dir='ltr'>ut</span> <span class='ocrx_word' id='word_1_6' title='bbox 1737 451 1826 517; x_wconf 85' lang='lat' dir='ltr'>ad</span> <span class='ocrx_word' id='word_1_7' title='bbox 1847 472 2122 537; x_wconf 79' lang='lat' dir='ltr'>regnum</span> <span class='ocrx_word' id='word_1_8' title='bbox 2167 451 2396 537; x_wconf 79' lang='lat' dir='ltr'>ipsum·</span> <span class='ocrx_word' id='word_1_9' title='bbox 2429 450 2516 517; x_wconf 79' lang='lat' dir='ltr'>de</span> <span class='ocrx_word' id='word_1_10' title='bbox 2543 458 2771 517; x_wconf 73' lang='lat' dir='ltr'>cetero·</span> <span class='ocrx_word' id='word_1_11' title='bbox 2804 446 2899 524; x_wconf 79' lang='lat' dir='ltr'>ds·</span> 
     </span>
     <span class='ocr_line' id='line_1_2' title="bbox 554 540 2807 627; baseline -0.002 -21"><span class='ocrx_word' id='word_1_12' title='bbox 554 541 721 607; x_wconf 79' lang='lat' dir='ltr'>best</span> <span class='ocrx_word' id='word_1_13' title='bbox 764 548 1079 627; x_wconf 86' lang='lat' dir='ltr'>perpetuo</span> <span class='ocrx_word' id='word_1_14' title='bbox 1124 540 1476 627; x_wconf 67' lang='lat' dir='ltr'>pertinet-ez</span> <span class='ocrx_word' id='word_1_15' title='bbox 2497 570 2504 583; x_wconf 83' lang='lat'><em>=</em></span> <span class='ocrx_word' id='word_1_16' title='bbox 2569 582 2578 587; x_wconf 88' lang='lat'>-</span> <span class='ocrx_word' id='word_1_17' title='bbox 2798 571 2807 580; x_wconf 93' lang='lat'><strong>·</strong></span> 
     </span>
    </p>

    <p class='ocr_par' dir='ltr' id='par_1_2' title="bbox 556 620 2906 799">
     <span class='ocr_line' id='line_1_3' title="bbox 556 620 2906 714; baseline -0.003 -21"><span class='ocrx_word' id='word_1_18' title='bbox 556 660 561 667; x_wconf 80' lang='lat'><strong>·</strong></span> <span class='ocrx_word' id='word_1_19' title='bbox 596 633 601 639; x_wconf 84' lang='lat'>&#39;</span> <span class='ocrx_word' id='word_1_20' title='bbox 742 627 821 693; x_wconf 88' lang='lat' dir='ltr'>In</span> <span class='ocrx_word' id='word_1_21' title='bbox 868 627 1057 713; x_wconf 79' lang='lat' dir='ltr'>cujus</span> <span class='ocrx_word' id='word_1_22' title='bbox 1102 627 1197 692; x_wconf 87' lang='lat' dir='ltr'>rei</span> <span class='ocrx_word' id='word_1_23' title='bbox 1242 626 1691 693; x_wconf 83' lang='lat' dir='ltr'>testimonium</span> <span class='ocrx_word' id='word_1_24' title='bbox 1733 634 2122 714; x_wconf 74' lang='lat' dir='ltr'>praesentes</span> <span class='ocrx_word' id='word_1_25' title='bbox 2165 625 2392 696; x_wconf 82' lang='lat' dir='ltr'>literas</span> <span class='ocrx_word' id='word_1_26' title='bbox 2413 624 2556 691; x_wconf 84' lang='lat' dir='ltr'>fieri</span> <span class='ocrx_word' id='word_1_27' title='bbox 2598 634 2666 689; x_wconf 88' lang='lat' dir='ltr'>et</span> <span class='ocrx_word' id='word_1_28' title='bbox 2707 620 2906 709; x_wconf 83' lang='lat' dir='ltr'>sigillo</span> 
     </span>
     <span class='ocr_line' id='line_1_4' title="bbox 568 712 2505 799; baseline -0.001 -20"><span class='ocrx_word' id='word_1_29' title='bbox 568 712 935 799; x_wconf 70' lang='lat' dir='ltr'>Maiestatis</span> <span class='ocrx_word' id='word_1_30' title='bbox 979 722 1244 779; x_wconf 86' lang='lat' dir='ltr'>nostrae</span> <span class='ocrx_word' id='word_1_31' title='bbox 1279 712 1599 799; x_wconf 82' lang='lat' dir='ltr'>jussimus</span> <span class='ocrx_word' id='word_1_32' title='bbox 1641 712 2055 779; x_wconf 81' lang='lat' dir='ltr'>communiri.</span> <span class='ocrx_word' id='word_1_33' title='bbox 2135 756 2140 763; x_wconf 81' lang='lat'><strong>·</strong></span> <span class='ocrx_word' id='word_1_34' title='bbox 2497 732 2505 739; x_wconf 88' lang='lat'><strong>·</strong></span> 
     </span>
    </p>
   </div>
   <div class='ocr_carea' id='block_1_2' title="bbox 580 746 2910 970">
    <p class='ocr_par' dir='ltr' id='par_1_3' title="bbox 580 746 2910 970">
     <span class='ocr_line' id='line_1_5' title="bbox 638 746 2910 874; baseline -0.003 -9"><span class='ocrx_word' id='word_1_35' title='bbox 638 842 643 852; x_wconf 53' lang='grc' dir='ltr'><em>ι</em></span> <span class='ocrx_word' id='word_1_36' title='bbox 740 799 991 865; x_wconf 84' lang='lat' dir='ltr'>Datum</span> <span class='ocrx_word' id='word_1_37' title='bbox 1038 800 1109 864; x_wconf 90' lang='lat' dir='ltr'>in</span> <span class='ocrx_word' id='word_1_38' title='bbox 1160 796 1530 865; x_wconf 79' lang='lat' dir='ltr'>Nurember</span> <span class='ocrx_word' id='word_1_39' title='bbox 1578 846 1594 874; x_wconf 92' lang='lat'>,</span> <span class='ocrx_word' id='word_1_40' title='bbox 1637 820 1814 865; x_wconf 88' lang='lat' dir='ltr'>anno</span> <span class='ocrx_word' id='word_1_41' title='bbox 1838 798 2110 864; x_wconf 75' lang='lat' dir='ltr'>Domi-ni</span> <span class='ocrx_word' id='word_1_42' title='bbox 2147 746 2676 865; x_wconf 73' lang='lat' dir='ltr'>M.CO.XCVI11</span> <span class='ocrx_word' id='word_1_43' title='bbox 2717 794 2910 861; x_wconf 67' lang='lat' dir='ltr'>xxa-</span> 
     </span>
     <span class='ocr_line' id='line_1_6' title="bbox 580 882 2908 970; baseline -0.003 -17"><span class='ocrx_word' id='word_1_44' title='bbox 580 886 815 953; x_wconf 80' lang='lat' dir='ltr'>lendas</span> <span class='ocrx_word' id='word_1_45' title='bbox 857 884 1270 969; x_wconf 73' lang='lat' dir='ltr'>Decembris,</span> <span class='ocrx_word' id='word_1_46' title='bbox 1312 884 1475 951; x_wconf 87' lang='lat' dir='ltr'><strong>XII.</strong></span> <span class='ocrx_word' id='word_1_47' title='bbox 1554 882 1908 968; x_wconf 87' lang='lat' dir='ltr'>ndictione‚</span> <span class='ocrx_word' id='word_1_48' title='bbox 1965 886 2152 969; x_wconf 80' lang='lat' dir='ltr'>regni</span> <span class='ocrx_word' id='word_1_49' title='bbox 2208 887 2418 959; x_wconf 76' lang='lat' dir='ltr'>nostri</span> <span class='ocrx_word' id='word_1_50' title='bbox 2475 904 2652 949; x_wconf 69' lang='lat' dir='ltr'>anno</span> <span class='ocrx_word' id='word_1_51' title='bbox 2709 882 2908 970; x_wconf 76' lang='lat' dir='ltr'>primo.</span> 
     </span>
    </p>
   </div>
   <div class='ocr_carea' id='block_1_3' title="bbox 1587 1060 1897 1075">
    <p class='ocr_par' dir='ltr' id='par_1_4' title="bbox 1587 1060 1897 1075">
     <span class='ocr_line' id='line_1_7' title="bbox 1587 1060 1897 1075; baseline 0 0"><span class='ocrx_word' id='word_1_52' title='bbox 1587 1060 1897 1075; x_wconf 95' lang='lat' dir='ltr'> </span> 
     </span>
    </p>
   </div>
   <div class='ocr_carea' id='block_1_4' title="bbox 570 1176 2915 1627">
    <p class='ocr_par' dir='ltr' id='par_1_5' title="bbox 570 1176 2915 1627">
     <span class='ocr_line' id='line_1_8' title="bbox 1692 1176 1798 1245; baseline 0 0"><span class='ocrx_word' id='word_1_53' title='bbox 1692 1176 1798 1245; x_wconf 69' lang='lat'>96:</span> 
     </span>
     <span class='ocr_line' id='line_1_9' title="bbox 570 1312 2915 1419; baseline 0 -20"><span class='ocrx_word' id='word_1_54' title='bbox 570 1315 1019 1415; x_wconf 81' lang='lat' dir='ltr'>Wenceslai</span> <span class='ocrx_word' id='word_1_55' title='bbox 1086 1315 1183 1401; x_wconf 88' lang='lat' dir='ltr'>H.</span> <span class='ocrx_word' id='word_1_56' title='bbox 1242 1316 1327 1399; x_wconf 88' lang='lat' dir='ltr'>in</span> <span class='ocrx_word' id='word_1_57' title='bbox 1410 1338 1505 1400; x_wconf 83' lang='lat' dir='ltr'>ca</span> <span class='ocrx_word' id='word_1_58' title='bbox 1554 1315 1908 1399; x_wconf 82' lang='lat' dir='ltr'>itaneum</span> <span class='ocrx_word' id='word_1_59' title='bbox 1959 1320 2232 1402; x_wconf 82' lang='lat' dir='ltr'>terrae</span> <span class='ocrx_word' id='word_1_60' title='bbox 2283 1315 2723 1419; x_wconf 62' lang='lat' dir='ltr'>misnensis,</span> <span class='ocrx_word' id='word_1_61' title='bbox 2781 1312 2915 1401; x_wconf 85' lang='lat' dir='ltr'>Ori-</span> 
     </span>
     <span class='ocr_line' id='line_1_10' title="bbox 628 1417 2515 1543; baseline 0.001 -40"><span class='ocrx_word' id='word_1_62' title='bbox 628 1440 633 1446; x_wconf 77' lang='grc'><em>’</em></span> <span class='ocrx_word' id='word_1_63' title='bbox 1020 1418 1312 1504; x_wconf 82' lang='lat' dir='ltr'>entalis</span> <span class='ocrx_word' id='word_1_64' title='bbox 1366 1424 1449 1504; x_wconf 86' lang='lat' dir='ltr'>et</span> <span class='ocrx_word' id='word_1_65' title='bbox 1561 1417 1934 1504; x_wconf 85' lang='lat' dir='ltr'>lisnensis</span> <span class='ocrx_word' id='word_1_66' title='bbox 1989 1419 2515 1543; x_wconf 53' lang='lat' dir='ltr'>constitutio(</span> 
     </span>
     <span class='ocr_line' id='line_1_11' title="bbox 1667 1558 1854 1627; baseline 0.021 -4"><span class='ocrx_word' id='word_1_67' title='bbox 1667 1558 1854 1627; x_wconf 82' lang='lat'><strong>1298.</strong></span> 
     </span>
    </p>
   </div>
   <div class='ocr_carea' id='block_1_5' title="bbox 766 1699 2839 1785">
    <p class='ocr_par' dir='ltr' id='par_1_6' title="bbox 766 1699 2839 1785">
     <span class='ocr_line' id='line_1_12' title="bbox 766 1699 2839 1785; baseline 0 -17"><span class='ocrx_word' id='word_1_68' title='bbox 766 1718 816 1769; x_wconf 79' lang='grc' dir='ltr'><strong>Ε</strong></span> <span class='ocrx_word' id='word_1_69' title='bbox 849 1716 1035 1768; x_wconf 88' lang='lat' dir='ltr'>codice</span> <span class='ocrx_word' id='word_1_70' title='bbox 1068 1699 1414 1785; x_wconf 72' lang='lat' dir='ltr'>formularum</span> <span class='ocrx_word' id='word_1_71' title='bbox 1446 1712 1654 1768; x_wconf 81' lang='lat' dir='ltr'>Alberti</span> <span class='ocrx_word' id='word_1_72' title='bbox 1687 1717 1828 1783; x_wconf 82' lang='lat' dir='ltr'>regis</span> <span class='ocrx_word' id='word_1_73' title='bbox 1863 1714 2128 1785; x_wconf 62' lang='lat' dir='ltr'>(Palacky</span> <span class='ocrx_word' id='word_1_74' title='bbox 2162 1716 2576 1771; x_wconf 84' lang='lat' dir='ltr'>Formelbiicher</span> <span class='ocrx_word' id='word_1_75' title='bbox 2613 1734 2670 1769; x_wconf 88' lang='lat' dir='ltr'>n.</span> <span class='ocrx_word' id='word_1_76' title='bbox 2711 1717 2839 1781; x_wconf 77' lang='lat'><strong>116.)</strong></span> 
     </span>
    </p>
   </div>
   <div class='ocr_carea' id='block_1_6' title="bbox 568 1798 2980 4373">
    <p class='ocr_par' dir='ltr' id='par_1_7' title="bbox 739 1798 2920 1889">
     <span class='ocr_line' id='line_1_13' title="bbox 739 1798 2920 1889; baseline 0 -22"><span class='ocrx_word' id='word_1_77' title='bbox 739 1798 1055 1867; x_wconf 83' lang='lat' dir='ltr'>Albertus</span> <span class='ocrx_word' id='word_1_78' title='bbox 1112 1798 1241 1865; x_wconf 89' lang='lat' dir='ltr'>Dei</span> <span class='ocrx_word' id='word_1_79' title='bbox 1300 1800 1515 1885; x_wconf 86' lang='lat' dir='ltr'>gratia</span> <span class='ocrx_word' id='word_1_80' title='bbox 1572 1800 2024 1869; x_wconf 84' lang='lat' dir='ltr'>Romanorum</span> <span class='ocrx_word' id='word_1_81' title='bbox 2099 1823 2220 1869; x_wconf 85' lang='lat' dir='ltr'>rex</span> <span class='ocrx_word' id='word_1_82' title='bbox 2281 1824 2540 1888; x_wconf 79' lang='lat' dir='ltr'>semper</span> <span class='ocrx_word' id='word_1_83' title='bbox 2607 1810 2920 1889; x_wconf 85' lang='lat' dir='ltr'>augustus.</span> 
     </span>
    </p>

    <p class='ocr_par' dir='ltr' id='par_1_8' title="bbox 674 1882 2922 1973">
     <span class='ocr_line' id='line_1_14' title="bbox 674 1882 2922 1973; baseline -0.001 -18"><span class='ocrx_word' id='word_1_84' title='bbox 674 1924 679 1930; x_wconf 93' lang='lat'>·</span> <span class='ocrx_word' id='word_1_85' title='bbox 744 1886 994 1955; x_wconf 87' lang='lat' dir='ltr'>Illustri</span> <span class='ocrx_word' id='word_1_86' title='bbox 1061 1882 1487 1968; x_wconf 85' lang='lat' dir='ltr'>Wenceslao,</span> <span class='ocrx_word' id='word_1_87' title='bbox 1570 1888 1712 1973; x_wconf 88' lang='lat' dir='ltr'>regi</span> <span class='ocrx_word' id='word_1_88' title='bbox 1781 1883 2127 1962; x_wconf 86' lang='lat' dir='ltr'>Boemiae,</span> <span class='ocrx_word' id='word_1_89' title='bbox 2228 1889 2382 1955; x_wconf 88' lang='lat' dir='ltr'>duci</span> <span class='ocrx_word' id='word_1_90' title='bbox 2448 1885 2810 1956; x_wconf 81' lang='lat' dir='ltr'>Cracoviae</span> <span class='ocrx_word' id='word_1_91' title='bbox 2869 1895 2922 1953; x_wconf 87' lang='lat' dir='ltr'>et</span> 
     </span>
    </p>

    <p class='ocr_par' dir='ltr' id='par_1_9' title="bbox 568 1970 2924 2145">
     <span class='ocr_line' id='line_1_15' title="bbox 568 1970 2924 2127; baseline -0.002 -85"><span class='ocrx_word' id='word_1_92' title='bbox 568 1974 1059 2127; x_wconf 50' lang='lat' dir='ltr'>Sandonbieriae,</span> <span class='ocrx_word' id='word_1_93' title='bbox 1124 1972 1618 2059; x_wconf 86' lang='lat' dir='ltr'>marchionique</span> <span class='ocrx_word' id='word_1_94' title='bbox 1675 1970 2014 2044; x_wconf 84' lang='lat' dir='ltr'>Moraviae</span> <span class='ocrx_word' id='word_1_95' title='bbox 2075 1983 2196 2045; x_wconf 88' lang='lat' dir='ltr'>etc.</span> <span class='ocrx_word' id='word_1_96' title='bbox 2266 1975 2580 2063; x_wconf 59' lang='lat' dir='ltr'>gratiam</span> <span class='ocrx_word' id='word_1_97' title='bbox 2627 1996 2814 2046; x_wconf 86' lang='lat' dir='ltr'>suam</span> <span class='ocrx_word' id='word_1_98' title='bbox 2869 1981 2924 2039; x_wconf 87' lang='lat' dir='ltr'>et</span> 
     </span>
     <span class='ocr_line' id='line_1_16' title="bbox 571 2076 1477 2145; baseline -0.011 -11"><span class='ocrx_word' id='word_1_99' title='bbox 571 2082 769 2139; x_wconf 73' lang='lat' dir='ltr'>omne</span> <span class='ocrx_word' id='word_1_100' title='bbox 860 2081 1085 2131; x_wconf 83' lang='lat' dir='ltr'>onum.</span> <span class='ocrx_word' id='word_1_101' title='bbox 1220 2139 1225 2145; x_wconf 91' lang='lat'>.</span> <span class='ocrx_word' id='word_1_102' title='bbox 1473 2076 1477 2087; x_wconf 86' lang='lat'>&#39;</span> 
     </span>
    </p>

    <p class='ocr_par' dir='ltr' id='par_1_10' title="bbox 571 2144 2980 2836">
     <span class='ocr_line' id='line_1_17' title="bbox 744 2144 2924 2235; baseline -0.001 -19"><span class='ocrx_word' id='word_1_103' title='bbox 744 2144 924 2216; x_wconf 86' lang='lat' dir='ltr'>Dum</span> <span class='ocrx_word' id='word_1_104' title='bbox 988 2144 1323 2212; x_wconf 83' lang='lat' dir='ltr'>excelsum</span> <span class='ocrx_word' id='word_1_105' title='bbox 1384 2146 1559 2231; x_wconf 88' lang='lat' dir='ltr'>regis</span> <span class='ocrx_word' id='word_1_106' title='bbox 1619 2146 1901 2215; x_wconf 87' lang='lat' dir='ltr'>Romani</span> <span class='ocrx_word' id='word_1_107' title='bbox 1959 2148 2322 2235; x_wconf 75' lang='lat' dir='ltr'><strong>fastigium,</strong></span> <span class='ocrx_word' id='word_1_108' title='bbox 2387 2169 2516 2235; x_wconf 90' lang='lat' dir='ltr'>quo</span> <span class='ocrx_word' id='word_1_109' title='bbox 2561 2168 2789 2219; x_wconf 87' lang='lat' dir='ltr'>sumus</span> <span class='ocrx_word' id='word_1_110' title='bbox 2827 2168 2924 2215; x_wconf 86' lang='lat' dir='ltr'>no-</span> 
     </span>
     <span class='ocr_line' id='line_1_18' title="bbox 580 2230 2925 2321; baseline -0.002 -18"><span class='ocrx_word' id='word_1_111' title='bbox 580 2234 754 2303; x_wconf 81' lang='lat' dir='ltr'>viter</span> <span class='ocrx_word' id='word_1_112' title='bbox 798 2230 1027 2299; x_wconf 86' lang='lat' dir='ltr'>divina</span> <span class='ocrx_word' id='word_1_113' title='bbox 1070 2233 1281 2317; x_wconf 87' lang='lat' dir='ltr'>gratia</span> <span class='ocrx_word' id='word_1_114' title='bbox 1326 2232 1684 2315; x_wconf 85' lang='lat' dir='ltr'>sublimati,</span> <span class='ocrx_word' id='word_1_115' title='bbox 1734 2230 2037 2321; x_wconf 83' lang='lat' dir='ltr'>diligenti</span> <span class='ocrx_word' id='word_1_116' title='bbox 2080 2231 2507 2301; x_wconf 79' lang='lat' dir='ltr'>meditatione</span> <span class='ocrx_word' id='word_1_117' title='bbox 2529 2230 2925 2301; x_wconf 78' lang='lat' dir='ltr'>discutimus:</span> 
     </span>
     <span class='ocr_line' id='line_1_19' title="bbox 578 2318 2980 2408; baseline -0.002 -20"><span class='ocrx_word' id='word_1_118' title='bbox 578 2318 667 2388; x_wconf 83' lang='lat' dir='ltr'>ad</span> <span class='ocrx_word' id='word_1_119' title='bbox 722 2340 925 2387; x_wconf 86' lang='lat' dir='ltr'>onera</span> <span class='ocrx_word' id='word_1_120' title='bbox 984 2326 1210 2385; x_wconf 86' lang='lat' dir='ltr'>tantae</span> <span class='ocrx_word' id='word_1_121' title='bbox 1272 2340 1469 2385; x_wconf 87' lang='lat' dir='ltr'>curae</span> <span class='ocrx_word' id='word_1_122' title='bbox 1528 2320 1698 2383; x_wconf 88' lang='lat' dir='ltr'>sicut</span> <span class='ocrx_word' id='word_1_123' title='bbox 1744 2322 2013 2408; x_wconf 85' lang='lat' dir='ltr'>expedit</span> <span class='ocrx_word' id='word_1_124' title='bbox 2073 2319 2524 2408; x_wconf 84' lang='lat' dir='ltr'>supportanda</span> <span class='ocrx_word' id='word_1_125' title='bbox 2582 2318 2927 2394; x_wconf 75' lang='lat' dir='ltr'>salubriter,</span> <span class='ocrx_word' id='word_1_126' title='bbox 2975 2328 2980 2337; x_wconf 83' lang='lat'><em>&#39;</em></span> 
     </span>
     <span class='ocr_line' id='line_1_20' title="bbox 577 2402 2927 2494; baseline -0.001 -21"><span class='ocrx_word' id='word_1_127' title='bbox 577 2407 889 2473; x_wconf 75' lang='lat' dir='ltr'>humeros</span> <span class='ocrx_word' id='word_1_128' title='bbox 950 2413 1233 2486; x_wconf 86' lang='lat' dir='ltr'>nostros,</span> <span class='ocrx_word' id='word_1_129' title='bbox 1292 2426 1457 2491; x_wconf 88' lang='lat' dir='ltr'>quos</span> <span class='ocrx_word' id='word_1_130' title='bbox 1516 2402 1604 2471; x_wconf 85' lang='lat' dir='ltr'>ad</span> <span class='ocrx_word' id='word_1_131' title='bbox 1663 2404 1790 2471; x_wconf 86' lang='lat' dir='ltr'>boe</span> <span class='ocrx_word' id='word_1_132' title='bbox 1841 2406 2206 2474; x_wconf 88' lang='lat' dir='ltr'>imbecilles</span> <span class='ocrx_word' id='word_1_133' title='bbox 2263 2429 2410 2475; x_wconf 90' lang='lat' dir='ltr'>esse</span> <span class='ocrx_word' id='word_1_134' title='bbox 2473 2408 2927 2494; x_wconf 73' lang='lat' dir='ltr'>cognoscimus,</span> 
     </span>
     <span class='ocr_line' id='line_1_21' title="bbox 573 2491 2925 2582; baseline -0 -24"><span class='ocrx_word' id='word_1_135' title='bbox 573 2492 771 2581; x_wconf 82' lang='lat' dir='ltr'>plene</span> <span class='ocrx_word' id='word_1_136' title='bbox 815 2492 1115 2559; x_wconf 83' lang='lat' dir='ltr'>sufficere</span> <span class='ocrx_word' id='word_1_137' title='bbox 1159 2512 1293 2557; x_wconf 92' lang='lat' dir='ltr'>non</span> <span class='ocrx_word' id='word_1_138' title='bbox 1338 2500 1667 2579; x_wconf 86' lang='lat' dir='ltr'>putamus,</span> <span class='ocrx_word' id='word_1_139' title='bbox 1713 2493 1842 2558; x_wconf 90' lang='lat' dir='ltr'>nisi</span> <span class='ocrx_word' id='word_1_140' title='bbox 1887 2516 2036 2559; x_wconf 85' lang='lat' dir='ltr'>cum</span> <span class='ocrx_word' id='word_1_141' title='bbox 2080 2494 2203 2574; x_wconf 89' lang='lat' dir='ltr'>his,</span> <span class='ocrx_word' id='word_1_142' title='bbox 2248 2496 2362 2582; x_wconf 91' lang='lat' dir='ltr'>qui</span> <span class='ocrx_word' id='word_1_143' title='bbox 2383 2491 2730 2561; x_wconf 88' lang='lat' dir='ltr'>nobiscum</span> <span class='ocrx_word' id='word_1_144' title='bbox 2775 2492 2925 2561; x_wconf 86' lang='lat' dir='ltr'>solli·</span> 
     </span>
     <span class='ocr_line' id='line_1_22' title="bbox 573 2575 2926 2666; baseline -0.002 -20"><span class='ocrx_word' id='word_1_145' title='bbox 573 2580 743 2646; x_wconf 89' lang='lat' dir='ltr'>cimo</span> <span class='ocrx_word' id='word_1_146' title='bbox 790 2578 849 2661; x_wconf 66' lang='lat' dir='ltr'>(P</span> <span class='ocrx_word' id='word_1_147' title='bbox 934 2579 1154 2645; x_wconf 86' lang='lat' dir='ltr'>vocati</span> <span class='ocrx_word' id='word_1_148' title='bbox 1216 2588 1391 2659; x_wconf 88' lang='lat' dir='ltr'>sunt,</span> <span class='ocrx_word' id='word_1_149' title='bbox 1452 2575 1832 2664; x_wconf 73' lang='lat' dir='ltr'>hujusmodi</span> <span class='ocrx_word' id='word_1_150' title='bbox 1893 2602 2095 2647; x_wconf 87' lang='lat' dir='ltr'>onera</span> <span class='ocrx_word' id='word_1_151' title='bbox 2154 2584 2546 2666; x_wconf 82' lang='lat' dir='ltr'>partiamur3</span> <span class='ocrx_word' id='word_1_152' title='bbox 2619 2601 2777 2645; x_wconf 90' lang='lat' dir='ltr'>nam</span> <span class='ocrx_word' id='word_1_153' title='bbox 2819 2599 2926 2665; x_wconf 89' lang='lat' dir='ltr'>quo</span> 
     </span>
     <span class='ocr_line' id='line_1_23' title="bbox 571 2662 2914 2755; baseline 0.002 -27"><span class='ocrx_word' id='word_1_154' title='bbox 571 2662 795 2752; x_wconf 87' lang='lat' dir='ltr'>plures</span> <span class='ocrx_word' id='word_1_155' title='bbox 884 2664 1159 2733; x_wconf 79' lang='lat' dir='ltr'>abemus</span> <span class='ocrx_word' id='word_1_156' title='bbox 1202 2673 1412 2730; x_wconf 87' lang='lat' dir='ltr'>terras</span> <span class='ocrx_word' id='word_1_157' title='bbox 1458 2672 1524 2733; x_wconf 87' lang='lat' dir='ltr'>et</span> <span class='ocrx_word' id='word_1_158' title='bbox 1568 2664 1848 2753; x_wconf 88' lang='lat' dir='ltr'>populos</span> <span class='ocrx_word' id='word_1_159' title='bbox 1890 2665 2297 2755; x_wconf 81' lang='lat' dir='ltr'>gubernare:</span> <span class='ocrx_word' id='word_1_160' title='bbox 2350 2676 2417 2734; x_wconf 88' lang='lat' dir='ltr'>et</span> <span class='ocrx_word' id='word_1_161' title='bbox 2461 2666 2753 2753; x_wconf 81' lang='lat' dir='ltr'>plurium</span> <span class='ocrx_word' id='word_1_162' title='bbox 2799 2688 2914 2733; x_wconf 87' lang='lat' dir='ltr'>am-</span> 
     </span>
     <span class='ocr_line' id='line_1_24' title="bbox 574 2749 2153 2836; baseline -0.006 -19"><span class='ocrx_word' id='word_1_163' title='bbox 574 2750 912 2817; x_wconf 85' lang='lat' dir='ltr'>miniculis</span> <span class='ocrx_word' id='word_1_164' title='bbox 953 2749 1351 2836; x_wconf 84' lang='lat' dir='ltr'>indigemus.</span> <span class='ocrx_word' id='word_1_165' title='bbox 2148 2804 2153 2807; x_wconf 88' lang='lat'>.</span> 
     </span>
    </p>

    <p class='ocr_par' dir='ltr' id='par_1_11' title="bbox 575 2836 2935 4373">
     <span class='ocr_line' id='line_1_25' title="bbox 744 2836 2912 2927; baseline -0.001 -24"><span class='ocrx_word' id='word_1_166' title='bbox 744 2836 930 2903; x_wconf 84' lang='lat' dir='ltr'>Inter</span> <span class='ocrx_word' id='word_1_167' title='bbox 972 2837 1139 2901; x_wconf 82' lang='lat' dir='ltr'>alias</span> <span class='ocrx_word' id='word_1_168' title='bbox 1186 2839 1299 2923; x_wconf 90' lang='lat' dir='ltr'>qui</span> <span class='ocrx_word' id='word_1_169' title='bbox 1348 2859 1431 2923; x_wconf 86' lang='lat' dir='ltr'>pe</span> <span class='ocrx_word' id='word_1_170' title='bbox 1492 2839 1662 2902; x_wconf 79' lang='lat' dir='ltr'>sacri</span> <span class='ocrx_word' id='word_1_171' title='bbox 1709 2838 1992 2905; x_wconf 80' lang='lat' dir='ltr'>Romani</span> <span class='ocrx_word' id='word_1_172' title='bbox 2049 2841 2310 2927; x_wconf 86' lang='lat' dir='ltr'>imperii</span> <span class='ocrx_word' id='word_1_173' title='bbox 2371 2839 2676 2906; x_wconf 76' lang='lat' dir='ltr'>subditas</span> <span class='ocrx_word' id='word_1_174' title='bbox 2740 2838 2912 2906; x_wconf 86' lang='lat' dir='ltr'>nobis</span> 
     </span>
     <span class='ocr_line' id='line_1_26' title="bbox 576 2860 2927 3014; baseline 0 -25"><span class='ocrx_word' id='word_1_175' title='bbox 576 2944 789 2999; x_wconf 86' lang='lat' dir='ltr'>curas,</span> <span class='ocrx_word' id='word_1_176' title='bbox 846 2924 1223 3005; x_wconf 87' lang='lat' dir='ltr'>Misnensis,</span> <span class='ocrx_word' id='word_1_177' title='bbox 1284 2860 1644 2990; x_wconf 60' lang='lat' dir='ltr'>grientalis</span> <span class='ocrx_word' id='word_1_178' title='bbox 1710 2933 1776 2989; x_wconf 85' lang='lat' dir='ltr'>et</span> <span class='ocrx_word' id='word_1_179' title='bbox 1832 2924 2193 2991; x_wconf 88' lang='lat' dir='ltr'>Plisnensis</span> <span class='ocrx_word' id='word_1_180' title='bbox 2251 2934 2463 2993; x_wconf 86' lang='lat' dir='ltr'>terrae</span> <span class='ocrx_word' id='word_1_181' title='bbox 2525 2928 2705 2992; x_wconf 87' lang='lat' dir='ltr'>curis</span> <span class='ocrx_word' id='word_1_182' title='bbox 2765 2946 2927 3014; x_wconf 87' lang='lat' dir='ltr'>prae-</span> 
     </span>
     <span class='ocr_line' id='line_1_27' title="bbox 584 3008 2929 3101; baseline -0.001 -25"><span class='ocrx_word' id='word_1_183' title='bbox 584 3010 777 3099; x_wconf 79' lang='lat' dir='ltr'>cipue</span> <span class='ocrx_word' id='word_1_184' title='bbox 834 3009 1100 3076; x_wconf 79' lang='lat' dir='ltr'>assidue</span> <span class='ocrx_word' id='word_1_185' title='bbox 1160 3008 1380 3075; x_wconf 81' lang='lat' dir='ltr'>studia</span> <span class='ocrx_word' id='word_1_186' title='bbox 1444 3018 1672 3075; x_wconf 86' lang='lat' dir='ltr'>nostra</span> <span class='ocrx_word' id='word_1_187' title='bbox 1731 3010 2110 3095; x_wconf 83' lang='lat' dir='ltr'>sollicitant,</span> <span class='ocrx_word' id='word_1_188' title='bbox 2167 3012 2452 3100; x_wconf 79' lang='lat' dir='ltr'>qualiter</span> <span class='ocrx_word' id='word_1_189' title='bbox 2509 3034 2642 3095; x_wconf 86' lang='lat' dir='ltr'>eas,</span> <span class='ocrx_word' id='word_1_190' title='bbox 2713 3011 2929 3101; x_wconf 86' lang='lat' dir='ltr'>quibus</span> 
     </span>
     <span class='ocr_line' id='line_1_28' title="bbox 580 3094 2928 3186; baseline 0.001 -25"><span class='ocrx_word' id='word_1_191' title='bbox 580 3098 1025 3183; x_wconf 84' lang='lat' dir='ltr'>praesentiam</span> <span class='ocrx_word' id='word_1_192' title='bbox 1069 3104 1359 3164; x_wconf 87' lang='lat' dir='ltr'>nostram</span> <span class='ocrx_word' id='word_1_193' title='bbox 1405 3094 1550 3169; x_wconf 79' lang='lat' dir='ltr'>aliis</span> <span class='ocrx_word' id='word_1_194' title='bbox 1609 3096 1838 3163; x_wconf 87' lang='lat' dir='ltr'>arduis</span> <span class='ocrx_word' id='word_1_195' title='bbox 1897 3108 1964 3165; x_wconf 89' lang='lat' dir='ltr'>et</span> <span class='ocrx_word' id='word_1_196' title='bbox 2019 3098 2406 3185; x_wconf 88' lang='lat' dir='ltr'>urgentibus</span> <span class='ocrx_word' id='word_1_197' title='bbox 2465 3099 2727 3186; x_wconf 86' lang='lat' dir='ltr'>imperii</span> <span class='ocrx_word' id='word_1_198' title='bbox 2769 3119 2928 3185; x_wconf 83' lang='lat' dir='ltr'>prae·</span> 
     </span>
     <span class='ocr_line' id='line_1_29' title="bbox 578 3181 2930 3273; baseline 0.001 -26"><span class='ocrx_word' id='word_1_199' title='bbox 578 3182 739 3247; x_wconf 83' lang='lat' dir='ltr'>dicti</span> <span class='ocrx_word' id='word_1_200' title='bbox 784 3181 1067 3269; x_wconf 78' lang='lat' dir='ltr'>negotiis</span> <span class='ocrx_word' id='word_1_201' title='bbox 1127 3182 1433 3270; x_wconf 81' lang='lat' dir='ltr'>occupati</span> <span class='ocrx_word' id='word_1_202' title='bbox 1492 3183 1808 3249; x_wconf 80' lang='lat' dir='ltr'>exhibere</span> <span class='ocrx_word' id='word_1_203' title='bbox 1849 3206 1984 3251; x_wconf 90' lang='lat' dir='ltr'>non</span> <span class='ocrx_word' id='word_1_204' title='bbox 2029 3205 2400 3271; x_wconf 83' lang='lat' dir='ltr'>possumus,</span> <span class='ocrx_word' id='word_1_205' title='bbox 2459 3208 2578 3273; x_wconf 87' lang='lat' dir='ltr'>per</span> <span class='ocrx_word' id='word_1_206' title='bbox 2619 3184 2788 3252; x_wconf 70' lang='lat' dir='ltr'>alies</span> <span class='ocrx_word' id='word_1_207' title='bbox 2827 3204 2930 3270; x_wconf 80' lang='lat' dir='ltr'>gu·</span> 
     </span>
     <span class='ocr_line' id='line_1_30' title="bbox 575 3267 2934 3375; baseline -0 -42"><span class='ocrx_word' id='word_1_208' title='bbox 575 3267 932 3334; x_wconf 86' lang='lat' dir='ltr'>bernemus</span> <span class='ocrx_word' id='word_1_209' title='bbox 975 3268 1044 3331; x_wconf 91' lang='lat' dir='ltr'>in</span> <span class='ocrx_word' id='word_1_210' title='bbox 1089 3268 1272 3351; x_wconf 86' lang='lat' dir='ltr'>pacis</span> <span class='ocrx_word' id='word_1_211' title='bbox 1314 3276 1593 3354; x_wconf 87' lang='lat' dir='ltr'>optatae</span> <span class='ocrx_word' id='word_1_212' title='bbox 1653 3272 1904 3335; x_wconf 87' lang='lat' dir='ltr'>solatiis</span> <span class='ocrx_word' id='word_1_213' title='bbox 1965 3280 2030 3336; x_wconf 92' lang='lat' dir='ltr'>et</span> <span class='ocrx_word' id='word_1_214' title='bbox 2074 3293 2114 3336; x_wconf 92' lang='lat' dir='ltr'>a</span> <span class='ocrx_word' id='word_1_215' title='bbox 2170 3270 2428 3354; x_wconf 84' lang='lat' dir='ltr'>futuris,</span> <span class='ocrx_word' id='word_1_216' title='bbox 2473 3293 2642 3359; x_wconf 89' lang='lat' dir='ltr'>quae</span> <span class='ocrx_word' id='word_1_217' title='bbox 2691 3278 2934 3375; x_wconf 79' lang='lat' dir='ltr'>possent</span> 
     </span>
     <span class='ocr_line' id='line_1_31' title="bbox 580 3352 2934 3444; baseline 0 -25"><span class='ocrx_word' id='word_1_218' title='bbox 580 3352 899 3437; x_wconf 86' lang='lat' dir='ltr'>accidere,</span> <span class='ocrx_word' id='word_1_219' title='bbox 944 3352 1429 3419; x_wconf 83' lang='lat' dir='ltr'>turbationibus</span> <span class='ocrx_word' id='word_1_220' title='bbox 1474 3353 1896 3422; x_wconf 84' lang='lat' dir='ltr'>laudabiliter</span> <span class='ocrx_word' id='word_1_221' title='bbox 1941 3377 2454 3444; x_wconf 85' lang='lat' dir='ltr'>praeservemus.</span> <span class='ocrx_word' id='word_1_222' title='bbox 2513 3354 2934 3425; x_wconf 71' lang='lat' dir='ltr'>Consideran-</span> 
     </span>
     <span class='ocr_line' id='line_1_32' title="bbox 577 3439 2932 3528; baseline -0.001 -22"><span class='ocrx_word' id='word_1_223' title='bbox 577 3447 677 3506; x_wconf 88' lang='lat' dir='ltr'>tes</span> <span class='ocrx_word' id='word_1_224' title='bbox 722 3462 876 3527; x_wconf 86' lang='lat' dir='ltr'>ergo</span> <span class='ocrx_word' id='word_1_225' title='bbox 924 3439 1291 3525; x_wconf 87' lang='lat' dir='ltr'>diligenter,</span> <span class='ocrx_word' id='word_1_226' title='bbox 1338 3439 1515 3526; x_wconf 87' lang='lat' dir='ltr'>quod</span> <span class='ocrx_word' id='word_1_227' title='bbox 1530 3440 1653 3523; x_wconf 86' lang='lat' dir='ltr'>Tu,</span> <span class='ocrx_word' id='word_1_228' title='bbox 1700 3441 2014 3528; x_wconf 85' lang='lat' dir='ltr'>praedicti</span> <span class='ocrx_word' id='word_1_229' title='bbox 2040 3444 2126 3525; x_wconf 81' lang='lat' dir='ltr'>im</span> <span class='ocrx_word' id='word_1_230' title='bbox 2179 3444 2304 3510; x_wconf 48' lang='lat' dir='ltr'>erii*</span> <span class='ocrx_word' id='word_1_231' title='bbox 2320 3444 2685 3509; x_wconf 80' lang='lat' dir='ltr'>membrum</span> <span class='ocrx_word' id='word_1_232' title='bbox 2731 3441 2932 3510; x_wconf 85' lang='lat' dir='ltr'>nobile</span> 
     </span>
     <span class='ocr_line' id='line_1_33' title="bbox 582 3526 2933 3617; baseline -0 -25"><span class='ocrx_word' id='word_1_233' title='bbox 582 3546 662 3592; x_wconf 87' lang='lat' dir='ltr'>ac</span> <span class='ocrx_word' id='word_1_234' title='bbox 730 3526 941 3602; x_wconf 87' lang='lat' dir='ltr'>fidele,</span> <span class='ocrx_word' id='word_1_235' title='bbox 1002 3527 1114 3613; x_wconf 89' lang='lat' dir='ltr'>qui</span> <span class='ocrx_word' id='word_1_236' title='bbox 1182 3528 1592 3613; x_wconf 81' lang='lat' dir='ltr'>praeemines</span> <span class='ocrx_word' id='word_1_237' title='bbox 1638 3531 1946 3613; x_wconf 85' lang='lat' dir='ltr'>potentia,</span> <span class='ocrx_word' id='word_1_238' title='bbox 1991 3550 2124 3616; x_wconf 65' lang='lat' dir='ltr'>pruv</span> <span class='ocrx_word' id='word_1_239' title='bbox 2166 3530 2342 3596; x_wconf 85' lang='lat' dir='ltr'>entia</span> <span class='ocrx_word' id='word_1_240' title='bbox 2385 3540 2586 3617; x_wconf 86' lang='lat' dir='ltr'>atque</span> <span class='ocrx_word' id='word_1_241' title='bbox 2631 3530 2780 3613; x_wconf 88' lang='lat' dir='ltr'>fide,</span> <span class='ocrx_word' id='word_1_242' title='bbox 2819 3537 2933 3593; x_wconf 85' lang='lat' dir='ltr'>ter·</span> 
     </span>
     <span class='ocr_line' id='line_1_34' title="bbox 580 3611 2932 3703; baseline 0 -26"><span class='ocrx_word' id='word_1_243' title='bbox 580 3613 805 3699; x_wconf 85' lang='lat' dir='ltr'>risque</span> <span class='ocrx_word' id='word_1_244' title='bbox 866 3611 1219 3701; x_wconf 82' lang='lat' dir='ltr'>praedictis</span> <span class='ocrx_word' id='word_1_245' title='bbox 1305 3613 1612 3690; x_wconf 84' lang='lat' dir='ltr'>vicinior,</span> <span class='ocrx_word' id='word_1_246' title='bbox 1685 3625 1824 3680; x_wconf 89' lang='lat' dir='ltr'>tam</span> <span class='ocrx_word' id='word_1_247' title='bbox 1886 3616 2084 3681; x_wconf 84' lang='lat' dir='ltr'>armis</span> <span class='ocrx_word' id='word_1_248' title='bbox 2145 3624 2298 3683; x_wconf 85' lang='lat' dir='ltr'>tuae</span> <span class='ocrx_word' id='word_1_249' title='bbox 2341 3618 2695 3702; x_wconf 86' lang='lat' dir='ltr'>potentiae,</span> <span class='ocrx_word' id='word_1_250' title='bbox 2751 3636 2932 3703; x_wconf 81' lang='lat' dir='ltr'>quam</span> 
     </span>
     <span class='ocr_line' id='line_1_35' title="bbox 581 3699 2935 3790; baseline -0.001 -23"><span class='ocrx_word' id='word_1_251' title='bbox 581 3708 737 3767; x_wconf 85' lang='lat' dir='ltr'>tuae</span> <span class='ocrx_word' id='word_1_252' title='bbox 798 3699 1401 3785; x_wconf 81' lang='lat' dir='ltr'>circumspectionis</span> <span class='ocrx_word' id='word_1_253' title='bbox 1444 3699 1786 3781; x_wconf 83' lang='lat' dir='ltr'>industria,</span> <span class='ocrx_word' id='word_1_254' title='bbox 1831 3708 2042 3767; x_wconf 88' lang='lat' dir='ltr'>terras</span> <span class='ocrx_word' id='word_1_255' title='bbox 2085 3704 2265 3790; x_wconf 88' lang='lat' dir='ltr'>ipsas</span> <span class='ocrx_word' id='word_1_256' title='bbox 2323 3699 2745 3768; x_wconf 85' lang='lat' dir='ltr'>laudabiliter</span> <span class='ocrx_word' id='word_1_257' title='bbox 2785 3702 2935 3767; x_wconf 79' lang='lat' dir='ltr'>inter</span> 
     </span>
     <span class='ocr_line' id='line_1_36' title="bbox 582 3784 2934 3877; baseline 0 -28"><span class='ocrx_word' id='word_1_258' title='bbox 582 3784 749 3849; x_wconf 87' lang='lat' dir='ltr'>alios</span> <span class='ocrx_word' id='word_1_259' title='bbox 842 3784 1165 3850; x_wconf 88' lang='lat' dir='ltr'>ubernare</span> <span class='ocrx_word' id='word_1_260' title='bbox 1190 3786 1432 3869; x_wconf 84' lang='lat' dir='ltr'>poteris</span> <span class='ocrx_word' id='word_1_261' title='bbox 1474 3784 1712 3851; x_wconf 87' lang='lat' dir='ltr'>melius</span> <span class='ocrx_word' id='word_1_262' title='bbox 1756 3794 1822 3852; x_wconf 87' lang='lat' dir='ltr'>et</span> <span class='ocrx_word' id='word_1_263' title='bbox 1845 3786 2206 3864; x_wconf 83' lang='lat' dir='ltr'>defensare,</span> <span class='ocrx_word' id='word_1_264' title='bbox 2253 3810 2647 3877; x_wconf 88' lang='lat' dir='ltr'>quamquam</span> <span class='ocrx_word' id='word_1_265' title='bbox 2670 3788 2934 3854; x_wconf 79' lang='lat' dir='ltr'>sciamus</span> 
     </span>
     <span class='ocr_line' id='line_1_37' title="bbox 584 3872 2932 3963; baseline 0 -28"><span class='ocrx_word' id='word_1_266' title='bbox 584 3878 803 3936; x_wconf 77' lang='lat' dir='ltr'>temu</span> <span class='ocrx_word' id='word_1_267' title='bbox 833 3872 935 3935; x_wconf 83' lang='lat' dir='ltr'>tis·</span> <span class='ocrx_word' id='word_1_268' title='bbox 959 3880 1025 3937; x_wconf 90' lang='lat' dir='ltr'>et</span> <span class='ocrx_word' id='word_1_269' title='bbox 1068 3872 1326 3957; x_wconf 86' lang='lat' dir='ltr'>magnis</span> <span class='ocrx_word' id='word_1_270' title='bbox 1370 3873 1651 3958; x_wconf 86' lang='lat' dir='ltr'>propriis</span> <span class='ocrx_word' id='word_1_271' title='bbox 1712 3874 1990 3959; x_wconf 87' lang='lat' dir='ltr'>negotiis</span> <span class='ocrx_word' id='word_1_272' title='bbox 2051 3883 2464 3961; x_wconf 85' lang='lat' dir='ltr'>occupatum,</span> <span class='ocrx_word' id='word_1_273' title='bbox 2509 3873 2686 3963; x_wconf 89' lang='lat' dir='ltr'>quod</span> <span class='ocrx_word' id='word_1_274' title='bbox 2730 3883 2932 3941; x_wconf 84' lang='lat' dir='ltr'>tamen</span> 
     </span>
     <span class='ocr_line' id='line_1_38' title="bbox 586 3954 2933 4043; baseline 0 -23"><span class='ocrx_word' id='word_1_275' title='bbox 586 3954 670 4020; x_wconf 92' lang='lat' dir='ltr'>ob</span> <span class='ocrx_word' id='word_1_276' title='bbox 715 3956 932 4038; x_wconf 84' lang='lat' dir='ltr'>fidem,</span> <span class='ocrx_word' id='word_1_277' title='bbox 978 3956 1155 4043; x_wconf 89' lang='lat' dir='ltr'>quod</span> <span class='ocrx_word' id='word_1_278' title='bbox 1200 3955 1284 4021; x_wconf 90' lang='lat' dir='ltr'>ad</span> <span class='ocrx_word' id='word_1_279' title='bbox 1332 3958 1738 4043; x_wconf 87' lang='lat' dir='ltr'>praedictum</span> <span class='ocrx_word' id='word_1_280' title='bbox 1799 3959 2004 4025; x_wconf 85' lang='lat' dir='ltr'>babes</span> <span class='ocrx_word' id='word_1_281' title='bbox 2063 3962 2150 4025; x_wconf 87' lang='lat' dir='ltr'>im</span> <span class='ocrx_word' id='word_1_282' title='bbox 2203 3963 2410 4026; x_wconf 82' lang='lat' dir='ltr'>crium</span> <span class='ocrx_word' id='word_1_283' title='bbox 2473 3971 2540 4026; x_wconf 88' lang='lat' dir='ltr'>et</span> <span class='ocrx_word' id='word_1_284' title='bbox 2581 3960 2933 4027; x_wconf 84' lang='lat' dir='ltr'>dilectionis</span> 
     </span>
     <span class='ocr_line' id='line_1_39' title="bbox 582 4044 2932 4133; baseline 0.001 -27"><span class='ocrx_word' id='word_1_285' title='bbox 582 4062 789 4127; x_wconf 85' lang='lat' dir='ltr'>purae</span> <span class='ocrx_word' id='word_1_286' title='bbox 832 4044 1291 4129; x_wconf 85' lang='lat' dir='ltr'>constantiam,</span> <span class='ocrx_word' id='word_1_287' title='bbox 1338 4066 1533 4129; x_wconf 88' lang='lat' dir='ltr'>quam</span> <span class='ocrx_word' id='word_1_288' title='bbox 1581 4045 1666 4109; x_wconf 87' lang='lat' dir='ltr'>ad</span> <span class='ocrx_word' id='word_1_289' title='bbox 1710 4065 1833 4111; x_wconf 88' lang='lat' dir='ltr'>nos</span> <span class='ocrx_word' id='word_1_290' title='bbox 1877 4047 2068 4133; x_wconf 87' lang='lat' dir='ltr'>geris,</span> <span class='ocrx_word' id='word_1_291' title='bbox 2131 4068 2176 4111; x_wconf 48' lang='lat' dir='ltr'>o&gt;</span> <span class='ocrx_word' id='word_1_292' title='bbox 2219 4056 2596 4126; x_wconf 83' lang='lat' dir='ltr'>secuturum</span> <span class='ocrx_word' id='word_1_293' title='bbox 2639 4054 2704 4112; x_wconf 90' lang='lat' dir='ltr'>te</span> <span class='ocrx_word' id='word_1_294' title='bbox 2750 4044 2932 4113; x_wconf 83' lang='lat' dir='ltr'>confi-</span> 
     </span>
     <span class='ocr_line' id='line_1_40' title="bbox 587 4128 2934 4220; baseline 0 -28"><span class='ocrx_word' id='word_1_295' title='bbox 587 4128 803 4193; x_wconf 82' lang='lat' dir='ltr'>dimus</span> <span class='ocrx_word' id='word_1_296' title='bbox 845 4130 1087 4195; x_wconf 85' lang='lat' dir='ltr'>nostris</span> <span class='ocrx_word' id='word_1_297' title='bbox 1130 4128 1561 4217; x_wconf 85' lang='lat' dir='ltr'>beneplacitis</span> <span class='ocrx_word' id='word_1_298' title='bbox 1605 4132 1674 4194; x_wconf 89' lang='lat' dir='ltr'>in</span> <span class='ocrx_word' id='word_1_299' title='bbox 1720 4131 1844 4196; x_wconf 84' lang='lat' dir='ltr'>bac</span> <span class='ocrx_word' id='word_1_300' title='bbox 1888 4144 2106 4220; x_wconf 86' lang='lat' dir='ltr'>parte:</span> <span class='ocrx_word' id='word_1_301' title='bbox 2145 4136 2548 4199; x_wconf 75' lang='lat' dir='ltr'>&#39;memoratas</span> <span class='ocrx_word' id='word_1_302' title='bbox 2579 4144 2788 4199; x_wconf 86' lang='lat' dir='ltr'>terras</span> <span class='ocrx_word' id='word_1_303' title='bbox 2811 4128 2934 4197; x_wconf 67' lang='lat' dir='ltr'>‘tibi</span> 
     </span>
     <span class='ocr_line' id='line_1_41' title="bbox 586 4216 2934 4307; baseline 0.002 -28"><span class='ocrx_word' id='word_1_304' title='bbox 586 4216 1071 4299; x_wconf 86' lang='lat' dir='ltr'>committimus,</span> <span class='ocrx_word' id='word_1_305' title='bbox 1132 4224 1328 4303; x_wconf 88' lang='lat' dir='ltr'>teque</span> <span class='ocrx_word' id='word_1_306' title='bbox 1388 4226 1684 4283; x_wconf 85' lang='lat' dir='ltr'>nostrum</span> <span class='ocrx_word' id='word_1_307' title='bbox 1745 4227 1812 4284; x_wconf 87' lang='lat' dir='ltr'>et</span> <span class='ocrx_word' id='word_1_308' title='bbox 1853 4220 2094 4304; x_wconf 54' lang='lat' dir='ltr'>ipsius*</span> <span class='ocrx_word' id='word_1_309' title='bbox 2123 4222 2382 4307; x_wconf 85' lang='lat' dir='ltr'>imperii</span> <span class='ocrx_word' id='word_1_310' title='bbox 2427 4221 2840 4307; x_wconf 84' lang='lat' dir='ltr'>capitaneum</span> <span class='ocrx_word' id='word_1_311' title='bbox 2879 4224 2934 4283; x_wconf 80' lang='lat' dir='ltr'>st</span> 
     </span>
     <span class='ocr_line' id='line_1_42' title="bbox 588 4300 2736 4373; baseline 0.003 -6"><span class='ocrx_word' id='word_1_312' title='bbox 588 4300 909 4369; x_wconf 75' lang='lat' dir='ltr'>vicarium</span> <span class='ocrx_word' id='word_1_313' title='bbox 957 4304 1415 4370; x_wconf 79' lang='lat' dir='ltr'>constituimus</span> <span class='ocrx_word' id='word_1_314' title='bbox 1458 4301 1694 4371; x_wconf 83' lang='lat' dir='ltr'>harum</span> <span class='ocrx_word' id='word_1_315' title='bbox 1738 4305 1907 4371; x_wconf 84' lang='lat' dir='ltr'>serie</span> <span class='ocrx_word' id='word_1_316' title='bbox 1950 4306 2021 4371; x_wconf 91' lang='lat' dir='ltr'>in</span> <span class='ocrx_word' id='word_1_317' title='bbox 2065 4305 2354 4373; x_wconf 70' lang='lat' dir='ltr'>eisdem·</span> <span class='ocrx_word' id='word_1_318' title='bbox 2390 4336 2395 4339; x_wconf 96' lang='lat'>·</span> <span class='ocrx_word' id='word_1_319' title='bbox 2498 4326 2504 4334; x_wconf 88' lang='lat'>·</span> <span class='ocrx_word' id='word_1_320' title='bbox 2609 4358 2617 4365; x_wconf 92' lang='lat'><strong>.</strong></span> <span class='ocrx_word' id='word_1_321' title='bbox 2722 4326 2736 4331; x_wconf 85' lang='grc'><strong><em>·</em></strong></span> 
     </span>
    </p>
   </div>
   <div class='ocr_carea' id='block_1_7' title="bbox 3052 0 3094 4983">
    <p class='ocr_par' dir='ltr' id='par_1_12' title="bbox 3052 0 3094 4983">
     <span class='ocr_line' id='line_1_43' title="bbox 3052 0 3094 4983; baseline 0 0"><span class='ocrx_word' id='word_1_322' title='bbox 3052 0 3094 4983; x_wconf 95' lang='lat' dir='ltr'> </span> 
     </span>
    </p>
   </div>
  </div>
 </body>
</html>
