<?xml version="1.0" encoding="UTF-8"?>
<!DOCTYPE html PUBLIC "-//W3C//DTD XHTML 1.0 Transitional//EN"
    "http://www.w3.org/TR/xhtml1/DTD/xhtml1-transitional.dtd">
<html xmlns="http://www.w3.org/1999/xhtml" xml:lang="en" lang="en">
 <head>
  <title>
</title>
<meta http-equiv="Content-Type" content="text/html;charset=utf-8" />
  <meta name='ocr-system' content='tesseract 3.04.00' />
  <meta name='ocr-capabilities' content='ocr_page ocr_carea ocr_par ocr_line ocrx_word'/>
</head>
<body>
  <div class='ocr_page' id='page_1' title='image "./codexjurisbohem01unkngoog_0118.png"; bbox 0 0 3150 5017; ppageno 0'>
   <div class='ocr_carea' id='block_1_1' title="bbox 1457 298 1938 366">
    <p class='ocr_par' dir='ltr' id='par_1_1' title="bbox 1457 298 1938 366">
     <span class='ocr_line' id='line_1_1' title="bbox 1457 298 1938 366; baseline 0 -15"><span class='ocrx_word' id='word_1_1' title='bbox 1457 298 1938 366; x_wconf 76' lang='lat'>...108-</span> 
     </span>
    </p>
   </div>
   <div class='ocr_carea' id='block_1_2' title="bbox 511 470 1654 1093">
    <p class='ocr_par' dir='ltr' id='par_1_2' title="bbox 511 470 1654 1093">
     <span class='ocr_line' id='line_1_2' title="bbox 514 470 1654 557; baseline 0.002 -20"><span class='ocrx_word' id='word_1_2' title='bbox 514 470 625 537; x_wconf 82' lang='lat' dir='ltr'><strong>vel</strong></span> <span class='ocrx_word' id='word_1_3' title='bbox 668 471 802 537; x_wconf 86' lang='lat' dir='ltr'><strong>alio</strong></span> <span class='ocrx_word' id='word_1_4' title='bbox 846 472 1041 537; x_wconf 87' lang='lat' dir='ltr'><strong>modo</strong></span> <span class='ocrx_word' id='word_1_5' title='bbox 1086 472 1307 539; x_wconf 85' lang='lat' dir='ltr'><strong>laesus</strong></span> <span class='ocrx_word' id='word_1_6' title='bbox 1322 474 1541 557; x_wconf 86' lang='lat' dir='ltr'><strong>fuerit,</strong></span> <span class='ocrx_word' id='word_1_7' title='bbox 1588 482 1654 539; x_wconf 89' lang='lat' dir='ltr'><strong>et</strong></span> 
     </span>
     <span class='ocr_line' id='line_1_3' title="bbox 514 557 1654 627; baseline 0.002 -4"><span class='ocrx_word' id='word_1_8' title='bbox 514 557 692 624; x_wconf 87' lang='lat' dir='ltr'><strong>infra</strong></span> <span class='ocrx_word' id='word_1_9' title='bbox 774 560 1061 625; x_wconf 88' lang='lat' dir='ltr'><strong>triduum</strong></span> <span class='ocrx_word' id='word_1_10' title='bbox 1128 562 1456 627; x_wconf 88' lang='lat' dir='ltr'><strong>neminem</strong></span> <span class='ocrx_word' id='word_1_11' title='bbox 1527 580 1654 625; x_wconf 89' lang='lat' dir='ltr'><strong>nec</strong></span> 
     </span>
     <span class='ocr_line' id='line_1_4' title="bbox 512 645 1650 795; baseline 0.002 -86"><span class='ocrx_word' id='word_1_12' title='bbox 512 666 633 795; x_wconf 74' lang='lat' dir='ltr'><strong>pro</strong></span> <span class='ocrx_word' id='word_1_13' title='bbox 716 645 989 712; x_wconf 84' lang='lat' dir='ltr'><strong>vulnere</strong></span> <span class='ocrx_word' id='word_1_14' title='bbox 1068 668 1191 713; x_wconf 90' lang='lat' dir='ltr'><strong>nec</strong></span> <span class='ocrx_word' id='word_1_15' title='bbox 1275 670 1391 733; x_wconf 89' lang='lat' dir='ltr'><strong>pro</strong></span> <span class='ocrx_word' id='word_1_16' title='bbox 1471 668 1515 711; x_wconf 84' lang='lat' dir='ltr'><strong>v</strong></span> <span class='ocrx_word' id='word_1_17' title='bbox 1540 646 1650 712; x_wconf 91' lang='lat' dir='ltr'><strong>ol·</strong></span> 
     </span>
     <span class='ocr_line' id='line_1_5' title="bbox 552 733 1650 821; baseline 0.004 -26"><span class='ocrx_word' id='word_1_18' title='bbox 552 733 721 797; x_wconf 89' lang='lat' dir='ltr'><strong>eist</strong></span> <span class='ocrx_word' id='word_1_19' title='bbox 785 735 1209 814; x_wconf 76' lang='lat' dir='ltr'><strong>accusaverit,</strong></span> <span class='ocrx_word' id='word_1_20' title='bbox 1267 742 1495 821; x_wconf 89' lang='lat' dir='ltr'><strong>postea</strong></span> <span class='ocrx_word' id='word_1_21' title='bbox 1540 756 1650 799; x_wconf 84' lang='lat' dir='ltr'><strong>ne-</strong></span> 
     </span>
     <span class='ocr_line' id='line_1_6' title="bbox 514 818 1652 887; baseline 0.003 -3"><span class='ocrx_word' id='word_1_22' title='bbox 514 819 755 884; x_wconf 87' lang='lat' dir='ltr'><strong>minem</strong></span> <span class='ocrx_word' id='word_1_23' title='bbox 804 818 887 885; x_wconf 89' lang='lat' dir='ltr'><strong>de</strong></span> <span class='ocrx_word' id='word_1_24' title='bbox 938 820 1056 884; x_wconf 89' lang='lat' dir='ltr'><strong>tali</strong></span> <span class='ocrx_word' id='word_1_25' title='bbox 1114 820 1289 885; x_wconf 90' lang='lat' dir='ltr'><strong>facto</strong></span> <span class='ocrx_word' id='word_1_26' title='bbox 1348 822 1652 887; x_wconf 75' lang='lat' dir='ltr'><strong>incusare</strong></span> 
     </span>
     <span class='ocr_line' id='line_1_7' title="bbox 512 906 1648 994; baseline 0.002 -25"><span class='ocrx_word' id='word_1_27' title='bbox 512 914 746 991; x_wconf 88' lang='lat' dir='ltr'><strong>potest.</strong></span> <span class='ocrx_word' id='word_1_28' title='bbox 791 909 853 988; x_wconf 63' lang='grc' dir='ltr'><strong>ξ.</strong></span> <span class='ocrx_word' id='word_1_29' title='bbox 899 907 959 971; x_wconf 87' lang='grc'><strong>3.</strong></span> <span class='ocrx_word' id='word_1_30' title='bbox 1023 906 1097 971; x_wconf 86' lang='lat' dir='ltr'><strong>Si</strong></span> <span class='ocrx_word' id='word_1_31' title='bbox 1155 910 1301 993; x_wconf 89' lang='lat' dir='ltr'><strong>quis</strong></span> <span class='ocrx_word' id='word_1_32' title='bbox 1363 906 1648 994; x_wconf 82' lang='lat' dir='ltr'><strong>aliquem</strong></span> 
     </span>
     <span class='ocr_line' id='line_1_8' title="bbox 511 995 1652 1093; baseline 0.002 -36"><span class='ocrx_word' id='word_1_33' title='bbox 511 1002 1051 1093; x_wconf 85' lang='lat' dir='ltr'><strong>praesumptuose</strong></span> <span class='ocrx_word' id='word_1_34' title='bbox 1108 995 1217 1059; x_wconf 79' lang='lat' dir='ltr'><strong>vel</strong></span> <span class='ocrx_word' id='word_1_35' title='bbox 1268 1002 1652 1079; x_wconf 76' lang='lat' dir='ltr'><strong>arroganter</strong></span> 
     </span>
    </p>
   </div>
   <div class='ocr_carea' id='block_1_3' title="bbox 396 1079 1649 1159">
    <p class='ocr_par' dir='ltr' id='par_1_3' title="bbox 396 1079 1649 1159">
     <span class='ocr_line' id='line_1_9' title="bbox 396 1079 1649 1159; baseline 0.004 -18"><span class='ocrx_word' id='word_1_36' title='bbox 396 1081 399 1085; x_wconf 75' lang='grc'><em>’</em></span> <span class='ocrx_word' id='word_1_37' title='bbox 506 1080 827 1144; x_wconf 78' lang='lat' dir='ltr'><strong>invaserit</strong></span> <span class='ocrx_word' id='word_1_38' title='bbox 870 1088 935 1145; x_wconf 86' lang='lat' dir='ltr'><strong>et</strong></span> <span class='ocrx_word' id='word_1_39' title='bbox 978 1080 1239 1146; x_wconf 77' lang='lat' dir='ltr'><strong>laeserit</strong></span> <span class='ocrx_word' id='word_1_40' title='bbox 1288 1080 1393 1147; x_wconf 89' lang='lat' dir='ltr'><strong>vel</strong></span> <span class='ocrx_word' id='word_1_41' title='bbox 1424 1079 1649 1159; x_wconf 86' lang='lat' dir='ltr'><strong>vnlne-</strong></span> 
     </span>
    </p>
   </div>
   <div class='ocr_carea' id='block_1_4' title="bbox 508 1166 1654 2120">
    <p class='ocr_par' dir='ltr' id='par_1_4' title="bbox 508 1166 1654 2120">
     <span class='ocr_line' id='line_1_10' title="bbox 508 1166 1650 1255; baseline 0.004 -26"><span class='ocrx_word' id='word_1_42' title='bbox 508 1166 755 1255; x_wconf 78' lang='lat' dir='ltr'><strong>raverit</strong></span> <span class='ocrx_word' id='word_1_43' title='bbox 835 1166 943 1231; x_wconf 91' lang='lat' dir='ltr'><strong>vel</strong></span> <span class='ocrx_word' id='word_1_44' title='bbox 1004 1166 1135 1231; x_wconf 90' lang='lat' dir='ltr'><strong>alio</strong></span> <span class='ocrx_word' id='word_1_45' title='bbox 1212 1166 1405 1233; x_wconf 88' lang='lat' dir='ltr'><strong>modo</strong></span> <span class='ocrx_word' id='word_1_46' title='bbox 1480 1166 1650 1233; x_wconf 85' lang='lat' dir='ltr'><strong>male</strong></span> 
     </span>
     <span class='ocr_line' id='line_1_11' title="bbox 511 1254 1654 1334; baseline 0.003 -19"><span class='ocrx_word' id='word_1_47' title='bbox 511 1254 909 1334; x_wconf 81' lang='lat' dir='ltr'><strong>tractaverit,</strong></span> <span class='ocrx_word' id='word_1_48' title='bbox 956 1261 1021 1318; x_wconf 91' lang='lat' dir='ltr'><strong>et</strong></span> <span class='ocrx_word' id='word_1_49' title='bbox 1064 1254 1119 1317; x_wconf 91' lang='lat' dir='ltr'><strong>si</strong></span> <span class='ocrx_word' id='word_1_50' title='bbox 1164 1256 1436 1319; x_wconf 88' lang='lat' dir='ltr'><strong>invasus</strong></span> <span class='ocrx_word' id='word_1_51' title='bbox 1482 1276 1553 1319; x_wconf 86' lang='lat' dir='ltr'><strong>se</strong></span> <span class='ocrx_word' id='word_1_52' title='bbox 1587 1262 1654 1319; x_wconf 89' lang='lat' dir='ltr'><strong>et</strong></span> 
     </span>
     <span class='ocr_line' id='line_1_12' title="bbox 512 1336 1650 1407; baseline 0.004 -4"><span class='ocrx_word' id='word_1_53' title='bbox 512 1358 633 1403; x_wconf 87' lang='lat' dir='ltr'><strong>sua</strong></span> <span class='ocrx_word' id='word_1_54' title='bbox 652 1336 1015 1405; x_wconf 84' lang='lat' dir='ltr'><strong>defendens</strong></span> <span class='ocrx_word' id='word_1_55' title='bbox 1039 1342 1411 1407; x_wconf 76' lang='lat' dir='ltr'><strong>invasorem</strong></span> <span class='ocrx_word' id='word_1_56' title='bbox 1450 1343 1650 1407; x_wconf 84' lang='lat' dir='ltr'><strong>inter-</strong></span> 
     </span>
     <span class='ocr_line' id='line_1_13' title="bbox 511 1423 1647 1493; baseline 0.006 -7"><span class='ocrx_word' id='word_1_57' title='bbox 511 1423 743 1491; x_wconf 84' lang='lat' dir='ltr'><strong>fecerit</strong></span> <span class='ocrx_word' id='word_1_58' title='bbox 783 1428 850 1491; x_wconf 89' lang='lat' dir='ltr'><strong>in</strong></span> <span class='ocrx_word' id='word_1_59' title='bbox 899 1426 1094 1492; x_wconf 87' lang='lat' dir='ltr'><strong>domo</strong></span> <span class='ocrx_word' id='word_1_60' title='bbox 1138 1428 1247 1493; x_wconf 87' lang='lat' dir='ltr'><strong>vel</strong></span> <span class='ocrx_word' id='word_1_61' title='bbox 1278 1438 1497 1493; x_wconf 85' lang='lat' dir='ltr'><strong>extra:</strong></span> <span class='ocrx_word' id='word_1_62' title='bbox 1538 1450 1647 1493; x_wconf 88' lang='lat' dir='ltr'><strong>ve·</strong></span> 
     </span>
     <span class='ocr_line' id='line_1_14' title="bbox 510 1511 1648 1581; baseline 0.004 -6"><span class='ocrx_word' id='word_1_63' title='bbox 510 1511 771 1578; x_wconf 87' lang='lat' dir='ltr'><strong>ritatem</strong></span> <span class='ocrx_word' id='word_1_64' title='bbox 814 1514 1177 1579; x_wconf 70' lang='lat' dir='ltr'><strong>invasionis</strong></span> <span class='ocrx_word' id='word_1_65' title='bbox 1236 1523 1301 1579; x_wconf 88' lang='lat' dir='ltr'><strong>et</strong></span> <span class='ocrx_word' id='word_1_66' title='bbox 1360 1513 1648 1581; x_wconf 89' lang='lat' dir='ltr'><strong>defensi-</strong></span> 
     </span>
     <span class='ocr_line' id='line_1_15' title="bbox 512 1599 1649 1688; baseline 0.002 -27"><span class='ocrx_word' id='word_1_67' title='bbox 512 1599 659 1663; x_wconf 86' lang='lat' dir='ltr'><strong>onis</strong></span> <span class='ocrx_word' id='word_1_68' title='bbox 702 1601 1185 1683; x_wconf 87' lang='lat' dir='ltr'><strong>met-septimus</strong></span> <span class='ocrx_word' id='word_1_69' title='bbox 1238 1600 1649 1688; x_wconf 83' lang='lat' dir='ltr'><strong>approbabit.</strong></span> 
     </span>
     <span class='ocr_line' id='line_1_16' title="bbox 512 1685 1648 1766; baseline 0.004 -18"><span class='ocrx_word' id='word_1_70' title='bbox 512 1689 575 1766; x_wconf 64' lang='grc' dir='ltr'><strong>ξ.</strong></span> <span class='ocrx_word' id='word_1_71' title='bbox 619 1685 683 1749; x_wconf 86' lang='grc'><strong>4.</strong></span> <span class='ocrx_word' id='word_1_72' title='bbox 728 1685 836 1751; x_wconf 90' lang='lat' dir='ltr'><strong>De</strong></span> <span class='ocrx_word' id='word_1_73' title='bbox 881 1688 1059 1751; x_wconf 89' lang='lat' dir='ltr'><strong>omni</strong></span> <span class='ocrx_word' id='word_1_74' title='bbox 1085 1686 1357 1755; x_wconf 88' lang='lat' dir='ltr'><strong>vulnere</strong></span> <span class='ocrx_word' id='word_1_75' title='bbox 1378 1688 1487 1753; x_wconf 82' lang='lat' dir='ltr'><strong>vel</strong></span> <span class='ocrx_word' id='word_1_76' title='bbox 1518 1688 1648 1753; x_wconf 82' lang='lat' dir='ltr'><strong>lae-</strong></span> 
     </span>
     <span class='ocr_line' id='line_1_17' title="bbox 511 1770 1648 1862; baseline 0.004 -27"><span class='ocrx_word' id='word_1_77' title='bbox 511 1771 713 1853; x_wconf 90' lang='lat' dir='ltr'><strong>sione,</strong></span> <span class='ocrx_word' id='word_1_78' title='bbox 760 1770 843 1837; x_wconf 89' lang='lat' dir='ltr'><strong>de</strong></span> <span class='ocrx_word' id='word_1_79' title='bbox 890 1772 1411 1861; x_wconf 88' lang='lat' dir='ltr'><strong>quibuscumque</strong></span> <span class='ocrx_word' id='word_1_80' title='bbox 1439 1776 1648 1862; x_wconf 85' lang='lat' dir='ltr'><strong>jurati</strong></span> 
     </span>
     <span class='ocr_line' id='line_1_18' title="bbox 509 1859 1644 1948; baseline 0.005 -27"><span class='ocrx_word' id='word_1_81' title='bbox 509 1879 708 1943; x_wconf 90' lang='lat' dir='ltr'><strong>super</strong></span> <span class='ocrx_word' id='word_1_82' title='bbox 728 1859 925 1924; x_wconf 89' lang='lat' dir='ltr'><strong>fidem</strong></span> <span class='ocrx_word' id='word_1_83' title='bbox 944 1882 1129 1925; x_wconf 87' lang='lat' dir='ltr'><strong>suam</strong></span> <span class='ocrx_word' id='word_1_84' title='bbox 1146 1859 1453 1943; x_wconf 83' lang='lat' dir='ltr'><strong>dixerint,</strong></span> <span class='ocrx_word' id='word_1_85' title='bbox 1472 1861 1644 1948; x_wconf 83' lang='lat' dir='ltr'><strong>quod</strong></span> 
     </span>
     <span class='ocr_line' id='line_1_19' title="bbox 510 1942 1640 2031; baseline 0.004 -22"><span class='ocrx_word' id='word_1_86' title='bbox 510 1944 593 2009; x_wconf 88' lang='lat' dir='ltr'><strong>sit</strong></span> <span class='ocrx_word' id='word_1_87' title='bbox 637 1942 1003 2031; x_wconf 87' lang='lat' dir='ltr'><strong>lemede,</strong></span> <span class='ocrx_word' id='word_1_88' title='bbox 1050 1955 1263 2013; x_wconf 88' lang='lat' dir='ltr'><strong>ratum</strong></span> <span class='ocrx_word' id='word_1_89' title='bbox 1288 1946 1640 2028; x_wconf 76' lang='lat' dir='ltr'><strong>habeatur3</strong></span> 
     </span>
     <span class='ocr_line' id='line_1_20' title="bbox 510 2031 1646 2120; baseline 0.004 -25"><span class='ocrx_word' id='word_1_90' title='bbox 510 2031 565 2095; x_wconf 88' lang='lat' dir='ltr'><strong>si</strong></span> <span class='ocrx_word' id='word_1_91' title='bbox 594 2040 811 2097; x_wconf 86' lang='lat' dir='ltr'><strong>autem</strong></span> <span class='ocrx_word' id='word_1_92' title='bbox 848 2055 1197 2120; x_wconf 78' lang='lat' dir='ltr'><strong>percussor</strong></span> <span class='ocrx_word' id='word_1_93' title='bbox 1225 2056 1293 2100; x_wconf 88' lang='lat' dir='ltr'><strong>se</strong></span> <span class='ocrx_word' id='word_1_94' title='bbox 1327 2056 1646 2101; x_wconf 87' lang='lat' dir='ltr'><strong>excusare</strong></span> 
     </span>
    </p>
   </div>
   <div class='ocr_carea' id='block_1_5' title="bbox 504 2116 1700 2201">
    <p class='ocr_par' dir='ltr' id='par_1_5' title="bbox 504 2116 1700 2201">
     <span class='ocr_line' id='line_1_21' title="bbox 504 2116 1700 2201; baseline 0.004 -19"><span class='ocrx_word' id='word_1_95' title='bbox 504 2116 807 2201; x_wconf 86' lang='lat' dir='ltr'><strong>voluerit,</strong></span> <span class='ocrx_word' id='word_1_96' title='bbox 864 2122 1261 2186; x_wconf 88' lang='lat' dir='ltr'><strong>met-tertius</strong></span> <span class='ocrx_word' id='word_1_97' title='bbox 1319 2122 1389 2186; x_wconf 87' lang='lat' dir='ltr'><strong>in</strong></span> <span class='ocrx_word' id='word_1_98' title='bbox 1448 2144 1644 2187; x_wconf 88' lang='lat' dir='ltr'><strong>cruce</strong></span> <span class='ocrx_word' id='word_1_99' title='bbox 1690 2156 1700 2178; x_wconf 64' lang='grc' dir='ltr'><strong><em>ι</em></strong></span> 
     </span>
    </p>
   </div>
   <div class='ocr_carea' id='block_1_6' title="bbox 498 2206 1650 4368">
    <p class='ocr_par' dir='ltr' id='par_1_6' title="bbox 507 2206 1235 2291">
     <span class='ocr_line' id='line_1_22' title="bbox 507 2206 1235 2291; baseline 0.005 -23"><span class='ocrx_word' id='word_1_100' title='bbox 507 2225 579 2269; x_wconf 91' lang='lat' dir='ltr'><strong>se</strong></span> <span class='ocrx_word' id='word_1_101' title='bbox 622 2206 857 2291; x_wconf 84' lang='lat' dir='ltr'><strong>poterit</strong></span> <span class='ocrx_word' id='word_1_102' title='bbox 900 2228 1235 2273; x_wconf 86' lang='lat' dir='ltr'><strong>excusare.</strong></span> 
     </span>
    </p>

    <p class='ocr_par' dir='ltr' id='par_1_7' title="bbox 498 2291 1650 4170">
     <span class='ocr_line' id='line_1_23' title="bbox 678 2291 1643 2375; baseline 0.004 -19"><span class='ocrx_word' id='word_1_103' title='bbox 678 2291 751 2357; x_wconf 91' lang='lat' dir='ltr'><strong>L.</strong></span> <span class='ocrx_word' id='word_1_104' title='bbox 840 2296 903 2375; x_wconf 67' lang='grc' dir='ltr'><strong>ξ.</strong></span> <span class='ocrx_word' id='word_1_105' title='bbox 964 2295 1020 2357; x_wconf 93' lang='grc'><strong>1.</strong></span> <span class='ocrx_word' id='word_1_106' title='bbox 1086 2293 1253 2361; x_wconf 87' lang='lat' dir='ltr'><strong>Item</strong></span> <span class='ocrx_word' id='word_1_107' title='bbox 1322 2296 1376 2359; x_wconf 92' lang='lat' dir='ltr'><strong>si</strong></span> <span class='ocrx_word' id='word_1_108' title='bbox 1446 2296 1643 2360; x_wconf 87' lang='lat' dir='ltr'><strong>alicui</strong></span> 
     </span>
     <span class='ocr_line' id='line_1_24' title="bbox 507 2374 1642 2467; baseline 0.006 -27"><span class='ocrx_word' id='word_1_109' title='bbox 507 2374 615 2441; x_wconf 85' lang='lat' dir='ltr'><strong>vel</strong></span> <span class='ocrx_word' id='word_1_110' title='bbox 654 2376 1007 2463; x_wconf 83' lang='lat' dir='ltr'><strong>aliquibus</strong></span> <span class='ocrx_word' id='word_1_111' title='bbox 1066 2402 1185 2465; x_wconf 90' lang='lat' dir='ltr'><strong>pro</strong></span> <span class='ocrx_word' id='word_1_112' title='bbox 1244 2382 1461 2467; x_wconf 86' lang='lat' dir='ltr'><strong>aliquo</strong></span> <span class='ocrx_word' id='word_1_113' title='bbox 1524 2403 1642 2447; x_wconf 86' lang='lat' dir='ltr'><strong>ex-</strong></span> 
     </span>
     <span class='ocr_line' id='line_1_25' title="bbox 508 2465 1644 2554; baseline 0.007 -27"><span class='ocrx_word' id='word_1_114' title='bbox 508 2484 699 2528; x_wconf 88' lang='lat' dir='ltr'><strong>cessu</strong></span> <span class='ocrx_word' id='word_1_115' title='bbox 740 2465 849 2529; x_wconf 93' lang='lat' dir='ltr'><strong>vel</strong></span> <span class='ocrx_word' id='word_1_116' title='bbox 895 2486 1305 2554; x_wconf 89' lang='lat' dir='ltr'><strong>quacumque</strong></span> <span class='ocrx_word' id='word_1_117' title='bbox 1350 2488 1553 2535; x_wconf 86' lang='lat' dir='ltr'><strong>causa</strong></span> <span class='ocrx_word' id='word_1_118' title='bbox 1605 2492 1644 2535; x_wconf 93' lang='lat' dir='ltr'><strong>a</strong></span> 
     </span>
     <span class='ocr_line' id='line_1_26' title="bbox 498 2549 1646 2641; baseline 0.008 -29"><span class='ocrx_word' id='word_1_119' title='bbox 498 2549 731 2635; x_wconf 87' lang='lat' dir='ltr'><strong>judice</strong></span> <span class='ocrx_word' id='word_1_120' title='bbox 777 2572 995 2615; x_wconf 84' lang='lat' dir='ltr'><strong>coram</strong></span> <span class='ocrx_word' id='word_1_121' title='bbox 1033 2554 1271 2638; x_wconf 87' lang='lat' dir='ltr'><strong>juratis</strong></span> <span class='ocrx_word' id='word_1_122' title='bbox 1296 2576 1515 2620; x_wconf 90' lang='lat' dir='ltr'><strong>coram</strong></span> <span class='ocrx_word' id='word_1_123' title='bbox 1538 2558 1646 2641; x_wconf 88' lang='lat' dir='ltr'><strong>ju-</strong></span> 
     </span>
     <span class='ocr_line' id='line_1_27' title="bbox 509 2635 1647 2727; baseline 0.008 -29"><span class='ocrx_word' id='word_1_124' title='bbox 509 2636 670 2699; x_wconf 85' lang='lat' dir='ltr'><strong>ratis</strong></span> <span class='ocrx_word' id='word_1_125' title='bbox 713 2635 821 2700; x_wconf 90' lang='lat' dir='ltr'><strong>vel</strong></span> <span class='ocrx_word' id='word_1_126' title='bbox 866 2637 1013 2703; x_wconf 89' lang='lat' dir='ltr'><strong>aliis</strong></span> <span class='ocrx_word' id='word_1_127' title='bbox 1058 2640 1281 2725; x_wconf 86' lang='lat' dir='ltr'><strong>probis</strong></span> <span class='ocrx_word' id='word_1_128' title='bbox 1324 2643 1483 2706; x_wconf 87' lang='lat' dir='ltr'><strong>viris</strong></span> <span class='ocrx_word' id='word_1_129' title='bbox 1512 2664 1647 2727; x_wconf 81' lang='lat' dir='ltr'><strong>pax</strong></span> 
     </span>
     <span class='ocr_line' id='line_1_28' title="bbox 511 2720 1644 2815; baseline 0.007 -30"><span class='ocrx_word' id='word_1_130' title='bbox 511 2721 665 2787; x_wconf 87' lang='lat' dir='ltr'><strong>data</strong></span> <span class='ocrx_word' id='word_1_131' title='bbox 710 2720 907 2788; x_wconf 90' lang='lat' dir='ltr'><strong>fuerit</strong></span> <span class='ocrx_word' id='word_1_132' title='bbox 948 2725 1057 2790; x_wconf 90' lang='lat' dir='ltr'><strong>vel</strong></span> <span class='ocrx_word' id='word_1_133' title='bbox 1104 2726 1349 2793; x_wconf 83' lang='lat' dir='ltr'><strong>edicta:</strong></span> <span class='ocrx_word' id='word_1_134' title='bbox 1396 2729 1451 2792; x_wconf 91' lang='lat' dir='ltr'><strong>si</strong></span> <span class='ocrx_word' id='word_1_135' title='bbox 1497 2731 1644 2815; x_wconf 86' lang='lat' dir='ltr'><strong>quis</strong></span> 
     </span>
     <span class='ocr_line' id='line_1_29' title="bbox 507 2806 1644 2897; baseline 0.008 -26"><span class='ocrx_word' id='word_1_136' title='bbox 507 2806 691 2873; x_wconf 86' lang='lat' dir='ltr'><strong>illam</strong></span> <span class='ocrx_word' id='word_1_137' title='bbox 715 2808 1057 2897; x_wconf 85' lang='lat' dir='ltr'><strong>infregerit</strong></span> <span class='ocrx_word' id='word_1_138' title='bbox 1077 2812 1351 2879; x_wconf 82' lang='lat' dir='ltr'><strong>vulnere</strong></span> <span class='ocrx_word' id='word_1_139' title='bbox 1374 2813 1479 2880; x_wconf 90' lang='lat' dir='ltr'><strong>vel</strong></span> <span class='ocrx_word' id='word_1_140' title='bbox 1505 2816 1644 2880; x_wconf 86' lang='lat' dir='ltr'><strong>vul·</strong></span> 
     </span>
     <span class='ocr_line' id='line_1_30' title="bbox 507 2894 1646 2989; baseline 0.007 -30"><span class='ocrx_word' id='word_1_141' title='bbox 507 2894 778 2961; x_wconf 86' lang='lat' dir='ltr'><strong>neribus</strong></span> <span class='ocrx_word' id='word_1_142' title='bbox 840 2896 947 2962; x_wconf 88' lang='lat' dir='ltr'><strong>vel</strong></span> <span class='ocrx_word' id='word_1_143' title='bbox 1024 2899 1155 2965; x_wconf 90' lang='lat' dir='ltr'><strong>alio</strong></span> <span class='ocrx_word' id='word_1_144' title='bbox 1232 2922 1646 2989; x_wconf 90' lang='lat' dir='ltr'><strong>quocumque</strong></span> 
     </span>
     <span class='ocr_line' id='line_1_31' title="bbox 509 2980 1648 3071; baseline 0.006 -26"><span class='ocrx_word' id='word_1_145' title='bbox 509 2980 724 3064; x_wconf 83' lang='lat' dir='ltr'><strong>modo,</strong></span> <span class='ocrx_word' id='word_1_146' title='bbox 749 2984 1265 3069; x_wconf 86' lang='lat' dir='ltr'><strong>protestantibus</strong></span> <span class='ocrx_word' id='word_1_147' title='bbox 1304 2987 1525 3071; x_wconf 85' lang='lat' dir='ltr'><strong>probis</strong></span> <span class='ocrx_word' id='word_1_148' title='bbox 1548 2990 1648 3053; x_wconf 86' lang='lat' dir='ltr'><strong>vi-</strong></span> 
     </span>
     <span class='ocr_line' id='line_1_32' title="bbox 506 3067 1649 3160; baseline 0.007 -29"><span class='ocrx_word' id='word_1_149' title='bbox 506 3070 599 3133; x_wconf 87' lang='lat' dir='ltr'><strong>ris</strong></span> <span class='ocrx_word' id='word_1_150' title='bbox 626 3067 735 3134; x_wconf 89' lang='lat' dir='ltr'><strong>vel</strong></span> <span class='ocrx_word' id='word_1_151' title='bbox 756 3092 889 3135; x_wconf 89' lang='lat' dir='ltr'><strong>uno</strong></span> <span class='ocrx_word' id='word_1_152' title='bbox 920 3072 1383 3160; x_wconf 86' lang='lat' dir='ltr'><strong>‘urato,capite</strong></span> <span class='ocrx_word' id='word_1_153' title='bbox 1468 3076 1649 3141; x_wconf 87' lang='lat' dir='ltr'><strong>unie-</strong></span> 
     </span>
     <span class='ocr_line' id='line_1_33' title="bbox 512 3156 1648 3246; baseline 0.006 -28"><span class='ocrx_word' id='word_1_154' title='bbox 512 3163 640 3220; x_wconf 88' lang='lat' dir='ltr'><strong>tur.</strong></span> <span class='ocrx_word' id='word_1_155' title='bbox 689 3159 750 3238; x_wconf 64' lang='grc' dir='ltr'><strong>ἓ.</strong></span> <span class='ocrx_word' id='word_1_156' title='bbox 777 3156 839 3220; x_wconf 89' lang='grc'><strong>2.</strong></span> <span class='ocrx_word' id='word_1_157' title='bbox 938 3159 1198 3223; x_wconf 89' lang='lat' dir='ltr'><strong>iautem</strong></span> <span class='ocrx_word' id='word_1_158' title='bbox 1249 3182 1404 3246; x_wconf 88' lang='lat' dir='ltr'><strong>prae</strong></span> <span class='ocrx_word' id='word_1_159' title='bbox 1452 3163 1648 3227; x_wconf 89' lang='lat' dir='ltr'><strong>ictam</strong></span> 
     </span>
     <span class='ocr_line' id='line_1_34' title="bbox 508 3240 1646 3333; baseline 0.009 -29"><span class='ocrx_word' id='word_1_160' title='bbox 508 3261 737 3325; x_wconf 86' lang='lat' dir='ltr'><strong>pacem</strong></span> <span class='ocrx_word' id='word_1_161' title='bbox 786 3240 1006 3309; x_wconf 87' lang='lat' dir='ltr'><strong>verbis</strong></span> <span class='ocrx_word' id='word_1_162' title='bbox 1050 3246 1391 3333; x_wconf 83' lang='lat' dir='ltr'><strong>infregerit</strong></span> <span class='ocrx_word' id='word_1_163' title='bbox 1415 3258 1646 3314; x_wconf 89' lang='lat' dir='ltr'><strong>contu-</strong></span> 
     </span>
     <span class='ocr_line' id='line_1_35' title="bbox 507 3326 1650 3419; baseline 0.01 -29"><span class='ocrx_word' id='word_1_164' title='bbox 507 3326 801 3393; x_wconf 89' lang='lat' dir='ltr'><strong>meliosis</strong></span> <span class='ocrx_word' id='word_1_165' title='bbox 847 3338 913 3395; x_wconf 92' lang='lat' dir='ltr'><strong>et</strong></span> <span class='ocrx_word' id='word_1_166' title='bbox 956 3331 1342 3414; x_wconf 86' lang='lat' dir='ltr'><strong>inhonestis,</strong></span> <span class='ocrx_word' id='word_1_167' title='bbox 1369 3337 1650 3419; x_wconf 87' lang='lat' dir='ltr'><strong>pecunia</strong></span> 
     </span>
     <span class='ocr_line' id='line_1_36' title="bbox 506 3416 1646 3507; baseline 0.007 -28"><span class='ocrx_word' id='word_1_168' title='bbox 506 3416 832 3499; x_wconf 88' lang='lat' dir='ltr'><strong>punietur,</strong></span> <span class='ocrx_word' id='word_1_169' title='bbox 888 3416 1200 3485; x_wconf 86' lang='lat' dir='ltr'><strong>videlicet</strong></span> <span class='ocrx_word' id='word_1_170' title='bbox 1250 3420 1461 3507; x_wconf 82' lang='lat' dir='ltr'><strong>judici</strong></span> <span class='ocrx_word' id='word_1_171' title='bbox 1521 3422 1646 3487; x_wconf 89' lang='lat' dir='ltr'><strong>LX</strong></span> 
     </span>
     <span class='ocr_line' id='line_1_37' title="bbox 506 3498 1647 3591; baseline 0.009 -28"><span class='ocrx_word' id='word_1_172' title='bbox 506 3498 773 3583; x_wconf 87' lang='lat' dir='ltr'><strong>solidos,</strong></span> <span class='ocrx_word' id='word_1_173' title='bbox 798 3510 865 3567; x_wconf 83' lang='lat' dir='ltr'><strong>et</strong></span> <span class='ocrx_word' id='word_1_174' title='bbox 895 3503 1165 3571; x_wconf 87' lang='lat' dir='ltr'><strong>cuilibet</strong></span> <span class='ocrx_word' id='word_1_175' title='bbox 1193 3508 1417 3591; x_wconf 84' lang='lat' dir='ltr'><strong>jurato</strong></span> <span class='ocrx_word' id='word_1_176' title='bbox 1441 3508 1647 3573; x_wconf 91' lang='lat' dir='ltr'><strong>XXX</strong></span> 
     </span>
     <span class='ocr_line' id='line_1_38' title="bbox 515 3585 1646 3680; baseline 0.008 -29"><span class='ocrx_word' id='word_1_177' title='bbox 515 3585 760 3654; x_wconf 82' lang='lat' dir='ltr'><strong>solidos</strong></span> <span class='ocrx_word' id='word_1_178' title='bbox 822 3590 1125 3675; x_wconf 81' lang='lat' dir='ltr'><strong>pagabit3</strong></span> <span class='ocrx_word' id='word_1_179' title='bbox 1226 3591 1646 3680; x_wconf 83' lang='lat' dir='ltr'><strong>subintellige</strong></span> 
     </span>
     <span class='ocr_line' id='line_1_39' title="bbox 512 3672 1647 3767; baseline 0.01 -30"><span class='ocrx_word' id='word_1_180' title='bbox 512 3672 746 3741; x_wconf 87' lang='lat' dir='ltr'><strong>breves</strong></span> <span class='ocrx_word' id='word_1_181' title='bbox 772 3673 1037 3741; x_wconf 86' lang='lat' dir='ltr'><strong>solidos.</strong></span> <span class='ocrx_word' id='word_1_182' title='bbox 1064 3681 1123 3760; x_wconf 63' lang='grc' dir='ltr'><strong>ς.</strong></span> <span class='ocrx_word' id='word_1_183' title='bbox 1148 3678 1210 3743; x_wconf 87' lang='grc'><strong>3.</strong></span> <span class='ocrx_word' id='word_1_184' title='bbox 1234 3678 1469 3745; x_wconf 86' lang='lat' dir='ltr'><strong>Eidem</strong></span> <span class='ocrx_word' id='word_1_185' title='bbox 1495 3702 1647 3767; x_wconf 89' lang='lat' dir='ltr'><strong>poe-</strong></span> 
     </span>
     <span class='ocr_line' id='line_1_40' title="bbox 503 3761 1646 3855; baseline 0.005 -30"><span class='ocrx_word' id='word_1_186' title='bbox 503 3781 628 3826; x_wconf 84' lang='lat' dir='ltr'><strong>nae</strong></span> <span class='ocrx_word' id='word_1_187' title='bbox 694 3761 1080 3855; x_wconf 83' lang='lat' dir='ltr'><strong>subjacebit,</strong></span> <span class='ocrx_word' id='word_1_188' title='bbox 1148 3767 1260 3853; x_wconf 88' lang='lat' dir='ltr'><strong>qui</strong></span> <span class='ocrx_word' id='word_1_189' title='bbox 1306 3768 1646 3833; x_wconf 84' lang='lat' dir='ltr'><strong>concivem</strong></span> 
     </span>
     <span class='ocr_line' id='line_1_41' title="bbox 504 3849 1644 3941; baseline 0.008 -31"><span class='ocrx_word' id='word_1_190' title='bbox 504 3866 695 3913; x_wconf 84' lang='lat' dir='ltr'><strong>suum</strong></span> <span class='ocrx_word' id='word_1_191' title='bbox 720 3849 938 3915; x_wconf 87' lang='lat' dir='ltr'><strong>verbis</strong></span> <span class='ocrx_word' id='word_1_192' title='bbox 962 3852 1205 3919; x_wconf 81' lang='lat' dir='ltr'><strong>afficiet</strong></span> <span class='ocrx_word' id='word_1_193' title='bbox 1230 3854 1644 3941; x_wconf 82' lang='lat' dir='ltr'><strong>vituperosis3</strong></span> 
     </span>
     <span class='ocr_line' id='line_1_42' title="bbox 506 3931 1642 4006; baseline 0.009 -10"><span class='ocrx_word' id='word_1_194' title='bbox 506 3931 687 3999; x_wconf 86' lang='lat' dir='ltr'><strong>laeso</strong></span> <span class='ocrx_word' id='word_1_195' title='bbox 734 3944 951 4000; x_wconf 87' lang='lat' dir='ltr'><strong>autem</strong></span> <span class='ocrx_word' id='word_1_196' title='bbox 1000 3939 1363 4005; x_wconf 82' lang='lat' dir='ltr'><strong>satisfaciet</strong></span> <span class='ocrx_word' id='word_1_197' title='bbox 1406 3962 1642 4006; x_wconf 89' lang='lat' dir='ltr'><strong>secun-</strong></span> 
     </span>
     <span class='ocr_line' id='line_1_43' title="bbox 506 4018 1640 4114; baseline 0.011 -32"><span class='ocrx_word' id='word_1_198' title='bbox 506 4018 663 4083; x_wconf 87' lang='lat' dir='ltr'><strong>dnm</strong></span> <span class='ocrx_word' id='word_1_199' title='bbox 708 4022 1056 4089; x_wconf 88' lang='lat' dir='ltr'><strong>consilium</strong></span> <span class='ocrx_word' id='word_1_200' title='bbox 1108 4027 1354 4110; x_wconf 85' lang='lat' dir='ltr'><strong>judicis</strong></span> <span class='ocrx_word' id='word_1_201' title='bbox 1413 4035 1479 4092; x_wconf 91' lang='lat' dir='ltr'><strong>et</strong></span> <span class='ocrx_word' id='word_1_202' title='bbox 1527 4029 1640 4114; x_wconf 89' lang='lat' dir='ltr'><strong>ju-</strong></span> 
     </span>
     <span class='ocr_line' id='line_1_44' title="bbox 502 4112 815 4170; baseline 0.006 -2"><span class='ocrx_word' id='word_1_203' title='bbox 502 4112 815 4170; x_wconf 88' lang='lat' dir='ltr'><strong>ratorum.</strong></span> 
     </span>
    </p>

    <p class='ocr_par' dir='ltr' id='par_1_8' title="bbox 504 4190 1638 4368">
     <span class='ocr_line' id='line_1_45' title="bbox 676 4190 1638 4287; baseline 0.011 -32"><span class='ocrx_word' id='word_1_204' title='bbox 676 4190 782 4258; x_wconf 92' lang='lat' dir='ltr'><strong>LI.</strong></span> <span class='ocrx_word' id='word_1_205' title='bbox 796 4197 853 4275; x_wconf 68' lang='lat'><strong>§-</strong></span> <span class='ocrx_word' id='word_1_206' title='bbox 873 4197 925 4259; x_wconf 96' lang='lat' dir='ltr'><strong>l.</strong></span> <span class='ocrx_word' id='word_1_207' title='bbox 940 4197 1064 4280; x_wconf 83' lang='lat' dir='ltr'><strong>(De</strong></span> <span class='ocrx_word' id='word_1_208' title='bbox 1080 4201 1289 4285; x_wconf 80' lang='lat' dir='ltr'><strong>pace.)</strong></span> <span class='ocrx_word' id='word_1_209' title='bbox 1313 4199 1478 4265; x_wconf 86' lang='lat' dir='ltr'><strong>Item</strong></span> <span class='ocrx_word' id='word_1_210' title='bbox 1499 4202 1638 4287; x_wconf 87' lang='lat' dir='ltr'><strong>qui-</strong></span> 
     </span>
     <span class='ocr_line' id='line_1_46' title="bbox 504 4284 1635 4368; baseline 0.011 -27"><span class='ocrx_word' id='word_1_211' title='bbox 504 4296 789 4366; x_wconf 87' lang='lat' dir='ltr'><strong>cumque</strong></span> <span class='ocrx_word' id='word_1_212' title='bbox 809 4302 1037 4368; x_wconf 88' lang='lat' dir='ltr'><strong>pacem</strong></span> <span class='ocrx_word' id='word_1_213' title='bbox 1054 4286 1125 4349; x_wconf 89' lang='lat' dir='ltr'><strong>in</strong></span> <span class='ocrx_word' id='word_1_214' title='bbox 1141 4284 1247 4349; x_wconf 87' lang='lat' dir='ltr'><strong>die</strong></span> <span class='ocrx_word' id='word_1_215' title='bbox 1270 4286 1514 4352; x_wconf 86' lang='lat' dir='ltr'><strong>forensi</strong></span> <span class='ocrx_word' id='word_1_216' title='bbox 1538 4288 1635 4352; x_wconf 86' lang='lat' dir='ltr'><strong>in·</strong></span> 
     </span>
    </p>
   </div>
   <div class='ocr_carea' id='block_1_7' title="bbox 1743 468 2910 3830">
    <p class='ocr_par' dir='ltr' id='par_1_9' title="bbox 1747 468 2910 2294">
     <span class='ocr_line' id='line_1_47' title="bbox 1757 468 2910 560; baseline -0.003 -23"><span class='ocrx_word' id='word_1_217' title='bbox 1757 474 1904 560; x_wconf 88' lang='lat' dir='ltr'><strong>quis</strong></span> <span class='ocrx_word' id='word_1_218' title='bbox 1948 471 2330 539; x_wconf 87' lang='lat' dir='ltr'><strong>vulneratus</strong></span> <span class='ocrx_word' id='word_1_219' title='bbox 2375 472 2484 538; x_wconf 87' lang='lat' dir='ltr'><strong>vel</strong></span> <span class='ocrx_word' id='word_1_220' title='bbox 2531 471 2665 537; x_wconf 89' lang='lat' dir='ltr'><strong>alio</strong></span> <span class='ocrx_word' id='word_1_221' title='bbox 2707 468 2910 535; x_wconf 90' lang='lat' dir='ltr'><strong>modo</strong></span> 
     </span>
     <span class='ocr_line' id='line_1_48' title="bbox 1757 558 2904 637; baseline -0.003 -12"><span class='ocrx_word' id='word_1_222' title='bbox 1757 560 1974 626; x_wconf 85' lang='lat' dir='ltr'><strong>laesus</strong></span> <span class='ocrx_word' id='word_1_223' title='bbox 2018 559 2234 637; x_wconf 88' lang='lat' dir='ltr'><strong>fuerit,</strong></span> <span class='ocrx_word' id='word_1_224' title='bbox 2280 568 2347 625; x_wconf 88' lang='lat' dir='ltr'><strong>et</strong></span> <span class='ocrx_word' id='word_1_225' title='bbox 2390 558 2564 624; x_wconf 86' lang='lat' dir='ltr'><strong>infra</strong></span> <span class='ocrx_word' id='word_1_226' title='bbox 2599 558 2904 624; x_wconf 86' lang='lat' dir='ltr'><strong>triduum</strong></span> 
     </span>
     <span class='ocr_line' id='line_1_49' title="bbox 1756 645 2908 734; baseline -0.003 -23"><span class='ocrx_word' id='word_1_227' title='bbox 1756 648 2084 712; x_wconf 86' lang='lat' dir='ltr'><strong>neminem</strong></span> <span class='ocrx_word' id='word_1_228' title='bbox 2133 668 2256 712; x_wconf 88' lang='lat' dir='ltr'><strong>nec</strong></span> <span class='ocrx_word' id='word_1_229' title='bbox 2299 668 2418 734; x_wconf 91' lang='lat' dir='ltr'><strong>pro</strong></span> <span class='ocrx_word' id='word_1_230' title='bbox 2462 645 2750 712; x_wconf 88' lang='lat' dir='ltr'><strong>vulnere</strong></span> <span class='ocrx_word' id='word_1_231' title='bbox 2785 666 2908 708; x_wconf 89' lang='lat' dir='ltr'><strong>nee</strong></span> 
     </span>
     <span class='ocr_line' id='line_1_50' title="bbox 1756 732 2904 821; baseline -0.002 -24"><span class='ocrx_word' id='word_1_232' title='bbox 1756 756 1876 821; x_wconf 90' lang='lat' dir='ltr'><strong>pro</strong></span> <span class='ocrx_word' id='word_1_233' title='bbox 1921 732 2184 799; x_wconf 86' lang='lat' dir='ltr'><strong>volleist</strong></span> <span class='ocrx_word' id='word_1_234' title='bbox 2221 734 2646 812; x_wconf 81' lang='lat' dir='ltr'><strong>accusaverit,</strong></span> <span class='ocrx_word' id='word_1_235' title='bbox 2721 738 2904 816; x_wconf 87' lang='lat' dir='ltr'><strong>post·</strong></span> 
     </span>
     <span class='ocr_line' id='line_1_51' title="bbox 1757 816 2908 885; baseline -0.002 0"><span class='ocrx_word' id='word_1_236' title='bbox 1757 821 2022 885; x_wconf 89' lang='lat' dir='ltr'><strong>modum</strong></span> <span class='ocrx_word' id='word_1_237' title='bbox 2069 821 2398 885; x_wconf 88' lang='lat' dir='ltr'><strong>neminem</strong></span> <span class='ocrx_word' id='word_1_238' title='bbox 2446 820 2528 884; x_wconf 91' lang='lat' dir='ltr'><strong>de</strong></span> <span class='ocrx_word' id='word_1_239' title='bbox 2569 819 2693 885; x_wconf 87' lang='lat' dir='ltr'><strong>tali</strong></span> <span class='ocrx_word' id='word_1_240' title='bbox 2729 816 2908 883; x_wconf 70' lang='lat' dir='ltr'><strong>facto</strong></span> 
     </span>
     <span class='ocr_line' id='line_1_52' title="bbox 1755 903 2906 993; baseline -0.003 -22"><span class='ocrx_word' id='word_1_241' title='bbox 1755 928 2062 973; x_wconf 87' lang='lat' dir='ltr'><strong>accusare</strong></span> <span class='ocrx_word' id='word_1_242' title='bbox 2108 909 2362 993; x_wconf 87' lang='lat' dir='ltr'><strong>poterit.</strong></span> <span class='ocrx_word' id='word_1_243' title='bbox 2411 910 2470 989; x_wconf 63' lang='grc' dir='ltr'><strong>ξ.</strong></span> <span class='ocrx_word' id='word_1_244' title='bbox 2519 908 2578 971; x_wconf 92' lang='grc'><strong>3.</strong></span> <span class='ocrx_word' id='word_1_245' title='bbox 2625 903 2704 970; x_wconf 85' lang='lat' dir='ltr'><strong>Si</strong></span> <span class='ocrx_word' id='word_1_246' title='bbox 2757 904 2906 991; x_wconf 88' lang='lat' dir='ltr'><strong>quis</strong></span> 
     </span>
     <span class='ocr_line' id='line_1_53' title="bbox 1755 990 2906 1080; baseline -0.003 -21"><span class='ocrx_word' id='word_1_247' title='bbox 1755 992 1957 1068; x_wconf 87' lang='lat' dir='ltr'><strong>alium</strong></span> <span class='ocrx_word' id='word_1_248' title='bbox 2002 1002 2542 1080; x_wconf 86' lang='lat' dir='ltr'><strong>praesumptuose</strong></span> <span class='ocrx_word' id='word_1_249' title='bbox 2572 990 2684 1057; x_wconf 90' lang='lat' dir='ltr'><strong>vel</strong></span> <span class='ocrx_word' id='word_1_250' title='bbox 2725 1012 2906 1056; x_wconf 87' lang='lat' dir='ltr'><strong>arro-</strong></span> 
     </span>
     <span class='ocr_line' id='line_1_54' title="bbox 1754 1074 2904 1166; baseline -0.004 -20"><span class='ocrx_word' id='word_1_251' title='bbox 1754 1088 1988 1166; x_wconf 88' lang='lat' dir='ltr'><strong>ganter</strong></span> <span class='ocrx_word' id='word_1_252' title='bbox 2009 1082 2346 1163; x_wconf 88' lang='lat' dir='ltr'><strong>invaserit,</strong></span> <span class='ocrx_word' id='word_1_253' title='bbox 2381 1088 2447 1144; x_wconf 88' lang='lat' dir='ltr'><strong>et</strong></span> <span class='ocrx_word' id='word_1_254' title='bbox 2467 1078 2766 1159; x_wconf 86' lang='lat' dir='ltr'><strong>laeserit,</strong></span> <span class='ocrx_word' id='word_1_255' title='bbox 2800 1074 2904 1143; x_wconf 84' lang='lat' dir='ltr'><strong>vel</strong></span> 
     </span>
     <span class='ocr_line' id='line_1_55' title="bbox 1755 1163 2904 1247; baseline -0.003 -15"><span class='ocrx_word' id='word_1_256' title='bbox 1755 1167 2138 1247; x_wconf 87' lang='lat' dir='ltr'><strong>vulnerarit‚</strong></span> <span class='ocrx_word' id='word_1_257' title='bbox 2183 1166 2291 1232; x_wconf 89' lang='lat' dir='ltr'><strong>vel</strong></span> <span class='ocrx_word' id='word_1_258' title='bbox 2336 1166 2466 1233; x_wconf 89' lang='lat' dir='ltr'><strong>alio</strong></span> <span class='ocrx_word' id='word_1_259' title='bbox 2493 1166 2693 1231; x_wconf 86' lang='lat' dir='ltr'><strong>modo</strong></span> <span class='ocrx_word' id='word_1_260' title='bbox 2729 1163 2904 1229; x_wconf 84' lang='lat' dir='ltr'><strong>male</strong></span> 
     </span>
     <span class='ocr_line' id='line_1_56' title="bbox 1753 1253 2908 1336; baseline -0.007 -15"><span class='ocrx_word' id='word_1_261' title='bbox 1753 1256 2152 1336; x_wconf 84' lang='lat' dir='ltr'><strong>tractaverit,</strong></span> <span class='ocrx_word' id='word_1_262' title='bbox 2199 1262 2266 1319; x_wconf 86' lang='lat' dir='ltr'><strong>et</strong></span> <span class='ocrx_word' id='word_1_263' title='bbox 2309 1253 2366 1318; x_wconf 88' lang='lat' dir='ltr'><strong>si</strong></span> <span class='ocrx_word' id='word_1_264' title='bbox 2409 1255 2686 1319; x_wconf 87' lang='lat' dir='ltr'><strong>invasus</strong></span> <span class='ocrx_word' id='word_1_265' title='bbox 2739 1272 2812 1315; x_wconf 88' lang='lat' dir='ltr'><strong>se</strong></span> <span class='ocrx_word' id='word_1_266' title='bbox 2845 1260 2908 1313; x_wconf 80' lang='lat' dir='ltr'><strong>et</strong></span> 
     </span>
     <span class='ocr_line' id='line_1_57' title="bbox 1755 1338 2902 1407; baseline -0.004 0"><span class='ocrx_word' id='word_1_267' title='bbox 1755 1363 1875 1407; x_wconf 88' lang='lat' dir='ltr'><strong>sua</strong></span> <span class='ocrx_word' id='word_1_268' title='bbox 1913 1340 2274 1407; x_wconf 88' lang='lat' dir='ltr'><strong>defendens</strong></span> <span class='ocrx_word' id='word_1_269' title='bbox 2297 1341 2670 1407; x_wconf 86' lang='lat' dir='ltr'><strong>invasorem</strong></span> <span class='ocrx_word' id='word_1_270' title='bbox 2699 1338 2902 1403; x_wconf 87' lang='lat' dir='ltr'><strong>inter-</strong></span> 
     </span>
     <span class='ocr_line' id='line_1_58' title="bbox 1753 1424 2902 1503; baseline -0.003 -11"><span class='ocrx_word' id='word_1_271' title='bbox 1753 1427 2002 1503; x_wconf 87' lang='lat' dir='ltr'><strong>fecerit,</strong></span> <span class='ocrx_word' id='word_1_272' title='bbox 2049 1430 2116 1493; x_wconf 91' lang='lat' dir='ltr'><strong>in</strong></span> <span class='ocrx_word' id='word_1_273' title='bbox 2163 1426 2356 1492; x_wconf 89' lang='lat' dir='ltr'><strong>domo</strong></span> <span class='ocrx_word' id='word_1_274' title='bbox 2403 1424 2511 1493; x_wconf 90' lang='lat' dir='ltr'><strong>vel</strong></span> <span class='ocrx_word' id='word_1_275' title='bbox 2535 1433 2766 1494; x_wconf 73' lang='lat' dir='ltr'><strong>extraz</strong></span> <span class='ocrx_word' id='word_1_276' title='bbox 2793 1446 2902 1489; x_wconf 89' lang='lat' dir='ltr'><strong>ve-</strong></span> 
     </span>
     <span class='ocr_line' id='line_1_59' title="bbox 1751 1510 2901 1580; baseline -0.003 -1"><span class='ocrx_word' id='word_1_277' title='bbox 1751 1517 2009 1580; x_wconf 86' lang='lat' dir='ltr'><strong>ritatem</strong></span> <span class='ocrx_word' id='word_1_278' title='bbox 2055 1515 2419 1579; x_wconf 86' lang='lat' dir='ltr'><strong>invasionis</strong></span> <span class='ocrx_word' id='word_1_279' title='bbox 2475 1524 2544 1579; x_wconf 92' lang='lat' dir='ltr'><strong>et</strong></span> <span class='ocrx_word' id='word_1_280' title='bbox 2604 1510 2901 1579; x_wconf 84' lang='lat' dir='ltr'><strong>defensi-</strong></span> 
     </span>
     <span class='ocr_line' id='line_1_60' title="bbox 1753 1598 2904 1688; baseline -0.004 -22"><span class='ocrx_word' id='word_1_281' title='bbox 1753 1603 1896 1666; x_wconf 90' lang='lat' dir='ltr'><strong>onis</strong></span> <span class='ocrx_word' id='word_1_282' title='bbox 1941 1602 2424 1688; x_wconf 88' lang='lat' dir='ltr'><strong>met-septimus</strong></span> <span class='ocrx_word' id='word_1_283' title='bbox 2468 1598 2808 1687; x_wconf 87' lang='lat' dir='ltr'><strong>probabit.</strong></span> <span class='ocrx_word' id='word_1_284' title='bbox 2843 1602 2904 1679; x_wconf 68' lang='grc' dir='ltr'><strong>ξ.</strong></span> 
     </span>
     <span class='ocr_line' id='line_1_61' title="bbox 1748 1684 2898 1755; baseline -0.007 0"><span class='ocrx_word' id='word_1_285' title='bbox 1748 1691 1812 1755; x_wconf 86' lang='grc'><strong>4.</strong></span> <span class='ocrx_word' id='word_1_286' title='bbox 1857 1688 1964 1753; x_wconf 89' lang='lat' dir='ltr'><strong>De</strong></span> <span class='ocrx_word' id='word_1_287' title='bbox 2008 1689 2182 1753; x_wconf 84' lang='lat' dir='ltr'><strong>omni</strong></span> <span class='ocrx_word' id='word_1_288' title='bbox 2241 1686 2516 1753; x_wconf 88' lang='lat' dir='ltr'><strong>vulnere</strong></span> <span class='ocrx_word' id='word_1_289' title='bbox 2573 1694 2644 1753; x_wconf 91' lang='lat' dir='ltr'><strong>et</strong></span> <span class='ocrx_word' id='word_1_290' title='bbox 2705 1684 2898 1751; x_wconf 87' lang='lat' dir='ltr'><strong>laesi-</strong></span> 
     </span>
     <span class='ocr_line' id='line_1_62' title="bbox 1751 1772 2900 1861; baseline -0.005 -21"><span class='ocrx_word' id='word_1_291' title='bbox 1751 1796 1896 1856; x_wconf 88' lang='lat' dir='ltr'><strong>one,</strong></span> <span class='ocrx_word' id='word_1_292' title='bbox 1965 1775 2048 1840; x_wconf 90' lang='lat' dir='ltr'><strong>de</strong></span> <span class='ocrx_word' id='word_1_293' title='bbox 2109 1772 2634 1861; x_wconf 86' lang='lat' dir='ltr'><strong>quibuscumque</strong></span> <span class='ocrx_word' id='word_1_294' title='bbox 2687 1772 2900 1857; x_wconf 86' lang='lat' dir='ltr'><strong>jurati</strong></span> 
     </span>
     <span class='ocr_line' id='line_1_63' title="bbox 1751 1857 2896 1948; baseline -0.006 -21"><span class='ocrx_word' id='word_1_295' title='bbox 1751 1883 1947 1948; x_wconf 88' lang='lat' dir='ltr'><strong>super</strong></span> <span class='ocrx_word' id='word_1_296' title='bbox 2033 1862 2232 1927; x_wconf 87' lang='lat' dir='ltr'><strong>fidem</strong></span> <span class='ocrx_word' id='word_1_297' title='bbox 2321 1880 2508 1927; x_wconf 87' lang='lat' dir='ltr'><strong>suam</strong></span> <span class='ocrx_word' id='word_1_298' title='bbox 2577 1857 2896 1933; x_wconf 84' lang='lat' dir='ltr'><strong>dixerint,</strong></span> 
     </span>
     <span class='ocr_line' id='line_1_64' title="bbox 1751 1943 2892 2034; baseline -0.004 -21"><span class='ocrx_word' id='word_1_299' title='bbox 1751 1946 1929 2034; x_wconf 88' lang='lat' dir='ltr'><strong>quod</strong></span> <span class='ocrx_word' id='word_1_300' title='bbox 1951 1949 2035 2014; x_wconf 88' lang='lat' dir='ltr'><strong>sit</strong></span> <span class='ocrx_word' id='word_1_301' title='bbox 2073 1947 2424 2028; x_wconf 87' lang='lat' dir='ltr'><strong>lemede‚</strong></span> <span class='ocrx_word' id='word_1_302' title='bbox 2449 1952 2670 2011; x_wconf 87' lang='lat' dir='ltr'><strong>ratum</strong></span> <span class='ocrx_word' id='word_1_303' title='bbox 2693 1943 2892 2010; x_wconf 88' lang='lat' dir='ltr'><strong>habe-</strong></span> 
     </span>
     <span class='ocr_line' id='line_1_65' title="bbox 1749 2036 2895 2120; baseline -0.007 -19"><span class='ocrx_word' id='word_1_304' title='bbox 1749 2044 1928 2120; x_wconf 82' lang='lat' dir='ltr'><strong>atur3</strong></span> <span class='ocrx_word' id='word_1_305' title='bbox 1991 2036 2048 2099; x_wconf 90' lang='lat' dir='ltr'><strong>si</strong></span> <span class='ocrx_word' id='word_1_306' title='bbox 2106 2043 2326 2101; x_wconf 88' lang='lat' dir='ltr'><strong>autem</strong></span> <span class='ocrx_word' id='word_1_307' title='bbox 2394 2053 2753 2118; x_wconf 63' lang='lat' dir='ltr'><strong>percussor</strong></span> <span class='ocrx_word' id='word_1_308' title='bbox 2827 2051 2895 2095; x_wconf 88' lang='lat' dir='ltr'><strong>se</strong></span> 
     </span>
     <span class='ocr_line' id='line_1_66' title="bbox 1747 2118 2897 2195; baseline -0.005 -8"><span class='ocrx_word' id='word_1_309' title='bbox 1747 2142 2066 2187; x_wconf 88' lang='lat' dir='ltr'><strong>excusare</strong></span> <span class='ocrx_word' id='word_1_310' title='bbox 2121 2120 2401 2187; x_wconf 80' lang='lat' dir='ltr'><strong>voluerit</strong></span> <span class='ocrx_word' id='word_1_311' title='bbox 2426 2167 2440 2195; x_wconf 91' lang='lat'><strong>,</strong></span> <span class='ocrx_word' id='word_1_312' title='bbox 2501 2118 2897 2185; x_wconf 85' lang='lat' dir='ltr'><strong>met-tertius</strong></span> 
     </span>
     <span class='ocr_line' id='line_1_67' title="bbox 1748 2206 2892 2294; baseline -0.005 -21"><span class='ocrx_word' id='word_1_313' title='bbox 1748 2208 1817 2273; x_wconf 91' lang='lat' dir='ltr'><strong>in</strong></span> <span class='ocrx_word' id='word_1_314' title='bbox 1879 2230 2072 2272; x_wconf 86' lang='lat' dir='ltr'><strong>cruce</strong></span> <span class='ocrx_word' id='word_1_315' title='bbox 2119 2229 2190 2273; x_wconf 89' lang='lat' dir='ltr'><strong>se</strong></span> <span class='ocrx_word' id='word_1_316' title='bbox 2245 2206 2484 2294; x_wconf 89' lang='lat' dir='ltr'><strong>poterit</strong></span> <span class='ocrx_word' id='word_1_317' title='bbox 2543 2224 2892 2271; x_wconf 82' lang='lat' dir='ltr'><strong>excusare.</strong></span> 
     </span>
    </p>

    <p class='ocr_par' dir='ltr' id='par_1_10' title="bbox 1743 2288 2894 3830">
     <span class='ocr_line' id='line_1_68' title="bbox 1835 2288 2893 2380; baseline -0.006 -21"><span class='ocrx_word' id='word_1_318' title='bbox 1835 2296 1906 2361; x_wconf 91' lang='lat' dir='ltr'><strong>L.</strong></span> <span class='ocrx_word' id='word_1_319' title='bbox 1952 2295 2052 2359; x_wconf 82' lang='lat' dir='ltr'><strong>De</strong></span> <span class='ocrx_word' id='word_1_320' title='bbox 2065 2316 2234 2380; x_wconf 76' lang='lat' dir='ltr'><strong>pace</strong></span> <span class='ocrx_word' id='word_1_321' title='bbox 2254 2293 2594 2360; x_wconf 72' lang='lat' dir='ltr'><strong>servanda.</strong></span> <span class='ocrx_word' id='word_1_322' title='bbox 2645 2296 2713 2375; x_wconf 72' lang='lat'><strong>§-</strong></span> <span class='ocrx_word' id='word_1_323' title='bbox 2734 2297 2790 2359; x_wconf 90' lang='lat'><strong>1.</strong></span> <span class='ocrx_word' id='word_1_324' title='bbox 2829 2288 2893 2354; x_wconf 88' lang='lat' dir='ltr'><strong>Si</strong></span> 
     </span>
     <span class='ocr_line' id='line_1_69' title="bbox 1796 2377 2894 2467; baseline -0.006 -22"><span class='ocrx_word' id='word_1_325' title='bbox 1796 2383 1896 2445; x_wconf 88' lang='lat' dir='ltr'><strong>uis</strong></span> <span class='ocrx_word' id='word_1_326' title='bbox 1940 2401 2168 2467; x_wconf 89' lang='lat' dir='ltr'><strong>pacem</strong></span> <span class='ocrx_word' id='word_1_327' title='bbox 2213 2379 2340 2445; x_wconf 90' lang='lat' dir='ltr'><strong>sibi</strong></span> <span class='ocrx_word' id='word_1_328' title='bbox 2369 2378 2688 2445; x_wconf 87' lang='lat' dir='ltr'><strong>indictam</strong></span> <span class='ocrx_word' id='word_1_329' title='bbox 2731 2399 2772 2441; x_wconf 85' lang='lat' dir='ltr'><strong>a</strong></span> <span class='ocrx_word' id='word_1_330' title='bbox 2793 2377 2894 2462; x_wconf 84' lang='lat' dir='ltr'><strong>ju-</strong></span> 
     </span>
     <span class='ocr_line' id='line_1_70' title="bbox 1751 2404 2893 2551; baseline -0.005 -19"><span class='ocrx_word' id='word_1_331' title='bbox 1751 2404 1899 2533; x_wconf 51' lang='lat' dir='ltr'><strong>aine</strong></span> <span class='ocrx_word' id='word_1_332' title='bbox 1944 2468 2013 2532; x_wconf 90' lang='lat' dir='ltr'><strong>in</strong></span> <span class='ocrx_word' id='word_1_333' title='bbox 2059 2466 2322 2533; x_wconf 89' lang='lat' dir='ltr'><strong>directis</strong></span> <span class='ocrx_word' id='word_1_334' title='bbox 2369 2464 2704 2551; x_wconf 87' lang='lat' dir='ltr'><strong>operibus,</strong></span> <span class='ocrx_word' id='word_1_335' title='bbox 2731 2464 2893 2529; x_wconf 90' lang='lat' dir='ltr'><strong>sicut</strong></span> 
     </span>
     <span class='ocr_line' id='line_1_71' title="bbox 1752 2551 2892 2634; baseline -0.008 -12"><span class='ocrx_word' id='word_1_336' title='bbox 1752 2554 2026 2622; x_wconf 87' lang='lat' dir='ltr'><strong>vulnere</strong></span> <span class='ocrx_word' id='word_1_337' title='bbox 2069 2562 2184 2619; x_wconf 89' lang='lat' dir='ltr'><strong>aut</strong></span> <span class='ocrx_word' id='word_1_338' title='bbox 2229 2551 2634 2634; x_wconf 88' lang='lat' dir='ltr'><strong>verberibus,</strong></span> <span class='ocrx_word' id='word_1_339' title='bbox 2729 2557 2892 2615; x_wconf 85' lang='lat' dir='ltr'><strong>rote·</strong></span> 
     </span>
     <span class='ocr_line' id='line_1_72' title="bbox 1753 2639 2891 2725; baseline -0.007 -18"><span class='ocrx_word' id='word_1_340' title='bbox 1753 2639 2078 2707; x_wconf 89' lang='lat' dir='ltr'><strong>stantibus</strong></span> <span class='ocrx_word' id='word_1_341' title='bbox 2121 2640 2346 2725; x_wconf 89' lang='lat' dir='ltr'><strong>probis</strong></span> <span class='ocrx_word' id='word_1_342' title='bbox 2389 2640 2551 2704; x_wconf 88' lang='lat' dir='ltr'><strong>viris</strong></span> <span class='ocrx_word' id='word_1_343' title='bbox 2596 2658 2684 2703; x_wconf 90' lang='lat' dir='ltr'><strong>ve</strong></span> <span class='ocrx_word' id='word_1_344' title='bbox 2767 2654 2891 2701; x_wconf 87' lang='lat' dir='ltr'><strong>uno</strong></span> 
     </span>
     <span class='ocr_line' id='line_1_73' title="bbox 1743 2723 2889 2821; baseline -0.006 -28"><span class='ocrx_word' id='word_1_345' title='bbox 1743 2730 1988 2814; x_wconf 87' lang='lat' dir='ltr'><strong>jurato,</strong></span> <span class='ocrx_word' id='word_1_346' title='bbox 2033 2726 2383 2813; x_wconf 89' lang='lat' dir='ltr'><strong>capitalem</strong></span> <span class='ocrx_word' id='word_1_347' title='bbox 2447 2723 2698 2791; x_wconf 89' lang='lat' dir='ltr'><strong>subibit</strong></span> <span class='ocrx_word' id='word_1_348' title='bbox 2755 2742 2889 2821; x_wconf 70' lang='lat' dir='ltr'><strong>sen-</strong></span> 
     </span>
     <span class='ocr_line' id='line_1_74' title="bbox 1751 2812 2893 2898; baseline -0.01 -18"><span class='ocrx_word' id='word_1_349' title='bbox 1751 2816 2044 2888; x_wconf 84' lang='lat' dir='ltr'><strong>tentiam,</strong></span> <span class='ocrx_word' id='word_1_350' title='bbox 2083 2814 2137 2878; x_wconf 88' lang='lat' dir='ltr'><strong>si</strong></span> <span class='ocrx_word' id='word_1_351' title='bbox 2173 2812 2348 2878; x_wconf 85' lang='lat' dir='ltr'><strong>hanc</strong></span> <span class='ocrx_word' id='word_1_352' title='bbox 2383 2814 2893 2898; x_wconf 77' lang='lat' dir='ltr'><strong>praesumpserit</strong></span> 
     </span>
     <span class='ocr_line' id='line_1_75' title="bbox 1751 2895 2887 2982; baseline -0.008 -17"><span class='ocrx_word' id='word_1_353' title='bbox 1751 2900 2020 2965; x_wconf 87' lang='lat' dir='ltr'><strong>violare.</strong></span> <span class='ocrx_word' id='word_1_354' title='bbox 2065 2905 2121 2982; x_wconf 66' lang='grc' dir='ltr'><strong>ξ.</strong></span> <span class='ocrx_word' id='word_1_355' title='bbox 2149 2900 2208 2965; x_wconf 83' lang='grc'><strong>2.</strong></span> <span class='ocrx_word' id='word_1_356' title='bbox 2258 2898 2329 2964; x_wconf 84' lang='lat' dir='ltr'><strong>Si</strong></span> <span class='ocrx_word' id='word_1_357' title='bbox 2371 2897 2594 2965; x_wconf 84' lang='lat' dir='ltr'><strong>verbis</strong></span> <span class='ocrx_word' id='word_1_358' title='bbox 2611 2895 2887 2962; x_wconf 85' lang='lat' dir='ltr'><strong>eandem</strong></span> 
     </span>
     <span class='ocr_line' id='line_1_76' title="bbox 1752 2980 2887 3071; baseline -0.008 -19"><span class='ocrx_word' id='word_1_359' title='bbox 1752 2987 2097 3053; x_wconf 85' lang='lat' dir='ltr'><strong>violaverit</strong></span> <span class='ocrx_word' id='word_1_360' title='bbox 2162 2984 2544 3067; x_wconf 88' lang='lat' dir='ltr'><strong>inhonestis,</strong></span> <span class='ocrx_word' id='word_1_361' title='bbox 2608 2980 2887 3071; x_wconf 85' lang='lat' dir='ltr'><strong>pecunia</strong></span> 
     </span>
     <span class='ocr_line' id='line_1_77' title="bbox 1753 3064 2888 3161; baseline -0.003 -23"><span class='ocrx_word' id='word_1_362' title='bbox 1753 3076 2083 3161; x_wconf 88' lang='lat' dir='ltr'><strong>punietur,</strong></span> <span class='ocrx_word' id='word_1_363' title='bbox 2127 3072 2436 3159; x_wconf 77' lang='lat' dir='ltr'><strong>videlicet</strong></span> <span class='ocrx_word' id='word_1_364' title='bbox 2492 3072 2706 3157; x_wconf 89' lang='lat' dir='ltr'><strong>judici</strong></span> <span class='ocrx_word' id='word_1_365' title='bbox 2773 3064 2888 3135; x_wconf 86' lang='lat' dir='ltr'><strong>LX</strong></span> 
     </span>
     <span class='ocr_line' id='line_1_78' title="bbox 1755 3151 2886 3244; baseline -0.007 -19"><span class='ocrx_word' id='word_1_366' title='bbox 1755 3159 2018 3240; x_wconf 85' lang='lat' dir='ltr'><strong>solidos,</strong></span> <span class='ocrx_word' id='word_1_367' title='bbox 2067 3168 2132 3223; x_wconf 91' lang='lat' dir='ltr'><strong>et</strong></span> <span class='ocrx_word' id='word_1_368' title='bbox 2155 3158 2426 3224; x_wconf 90' lang='lat' dir='ltr'><strong>cuilibet</strong></span> <span class='ocrx_word' id='word_1_369' title='bbox 2439 3159 2668 3244; x_wconf 89' lang='lat' dir='ltr'><strong>jurato</strong></span> <span class='ocrx_word' id='word_1_370' title='bbox 2685 3151 2886 3221; x_wconf 89' lang='lat' dir='ltr'><strong>XXX</strong></span> 
     </span>
     <span class='ocr_line' id='line_1_79' title="bbox 1755 3240 2877 3332; baseline -0.01 -20"><span class='ocrx_word' id='word_1_371' title='bbox 1755 3246 2020 3321; x_wconf 88' lang='lat' dir='ltr'><strong>solidos,</strong></span> <span class='ocrx_word' id='word_1_372' title='bbox 2049 3246 2160 3332; x_wconf 90' lang='lat' dir='ltr'><strong>qui</strong></span> <span class='ocrx_word' id='word_1_373' title='bbox 2205 3246 2340 3310; x_wconf 88' lang='lat' dir='ltr'><strong>sint</strong></span> <span class='ocrx_word' id='word_1_374' title='bbox 2383 3244 2658 3323; x_wconf 81' lang='lat' dir='ltr'><strong>breves;</strong></span> <span class='ocrx_word' id='word_1_375' title='bbox 2721 3245 2780 3324; x_wconf 66' lang='grc' dir='ltr'><strong>ξ.</strong></span> <span class='ocrx_word' id='word_1_376' title='bbox 2823 3240 2877 3303; x_wconf 84' lang='grc'><strong>3.</strong></span> 
     </span>
     <span class='ocr_line' id='line_1_80' title="bbox 1751 3325 2884 3475; baseline -0.005 -76"><span class='ocrx_word' id='word_1_377' title='bbox 1751 3334 1988 3400; x_wconf 86' lang='lat' dir='ltr'><strong>Eidem</strong></span> <span class='ocrx_word' id='word_1_378' title='bbox 2036 3353 2284 3418; x_wconf 87' lang='lat' dir='ltr'><strong>poenae</strong></span> <span class='ocrx_word' id='word_1_379' title='bbox 2313 3329 2708 3416; x_wconf 86' lang='lat' dir='ltr'><strong>subjacebit,</strong></span> <span class='ocrx_word' id='word_1_380' title='bbox 2755 3325 2884 3475; x_wconf 43' lang='lat' dir='ltr'><strong>qiu·</strong></span> 
     </span>
     <span class='ocr_line' id='line_1_81' title="bbox 1753 3419 2883 3506; baseline -0.009 -23"><span class='ocrx_word' id='word_1_381' title='bbox 1753 3440 2032 3506; x_wconf 89' lang='lat' dir='ltr'><strong>cumque</strong></span> <span class='ocrx_word' id='word_1_382' title='bbox 2079 3419 2417 3483; x_wconf 89' lang='lat' dir='ltr'><strong>concivem</strong></span> <span class='ocrx_word' id='word_1_383' title='bbox 2451 3438 2640 3483; x_wconf 85' lang='lat' dir='ltr'><strong>suum</strong></span> <span class='ocrx_word' id='word_1_384' title='bbox 2673 3435 2794 3481; x_wconf 81' lang='lat' dir='ltr'><strong>ver</strong></span> <span class='ocrx_word' id='word_1_385' title='bbox 2835 3430 2883 3473; x_wconf 80' lang='lat' dir='ltr'><strong>is</strong></span> 
     </span>
     <span class='ocr_line' id='line_1_82' title="bbox 1753 3502 2883 3591; baseline -0.01 -19"><span class='ocrx_word' id='word_1_386' title='bbox 1753 3505 2098 3572; x_wconf 86' lang='lat' dir='ltr'><strong>offenderit</strong></span> <span class='ocrx_word' id='word_1_387' title='bbox 2128 3504 2546 3591; x_wconf 76' lang='lat' dir='ltr'><strong>vituperosis,</strong></span> <span class='ocrx_word' id='word_1_388' title='bbox 2567 3502 2750 3569; x_wconf 86' lang='lat' dir='ltr'><strong>laeso</strong></span> <span class='ocrx_word' id='word_1_389' title='bbox 2780 3518 2883 3565; x_wconf 79' lang='lat' dir='ltr'><strong>au·</strong></span> 
     </span>
     <span class='ocr_line' id='line_1_83' title="bbox 1749 3588 2884 3676; baseline -0.011 -17"><span class='ocrx_word' id='word_1_390' title='bbox 1749 3601 1882 3659; x_wconf 90' lang='lat' dir='ltr'><strong>tem</strong></span> <span class='ocrx_word' id='word_1_391' title='bbox 1955 3591 2314 3667; x_wconf 83' lang='lat' dir='ltr'><strong>satisfaciet</strong></span> <span class='ocrx_word' id='word_1_392' title='bbox 2373 3588 2623 3676; x_wconf 90' lang='lat' dir='ltr'><strong>duplici</strong></span> <span class='ocrx_word' id='word_1_393' title='bbox 2685 3603 2884 3674; x_wconf 83' lang='lat' dir='ltr'><strong>poena</strong></span> 
     </span>
     <span class='ocr_line' id='line_1_84' title="bbox 1755 3668 2879 3829; baseline -0.008 -85"><span class='ocrx_word' id='word_1_394' title='bbox 1755 3677 2134 3829; x_wconf 54' lang='lat' dir='ltr'><strong>collidorum,</strong></span> <span class='ocrx_word' id='word_1_395' title='bbox 2179 3699 2344 3764; x_wconf 91' lang='lat' dir='ltr'><strong>quos</strong></span> <span class='ocrx_word' id='word_1_396' title='bbox 2380 3675 2594 3763; x_wconf 84' lang='lat' dir='ltr'><strong>judici</strong></span> <span class='ocrx_word' id='word_1_397' title='bbox 2639 3668 2879 3761; x_wconf 86' lang='lat' dir='ltr'><strong>persol-</strong></span> 
     </span>
     <span class='ocr_line' id='line_1_85' title="bbox 1753 3774 1969 3830; baseline -0.014 0"><span class='ocrx_word' id='word_1_398' title='bbox 1753 3786 1838 3830; x_wconf 83' lang='lat' dir='ltr'><strong>ve</strong></span> <span class='ocrx_word' id='word_1_399' title='bbox 1885 3774 1969 3829; x_wconf 87' lang='lat' dir='ltr'><strong>at.</strong></span> 
     </span>
    </p>
   </div>
   <div class='ocr_carea' id='block_1_8' title="bbox 1747 4188 2874 4366">
    <p class='ocr_par' dir='ltr' id='par_1_11' title="bbox 1747 4158 2874 4366">
     <span class='ocr_line' id='line_1_86' title="bbox 1915 4188 2874 4279; baseline -0.013 -18"><span class='ocrx_word' id='word_1_400' title='bbox 1915 4194 2025 4261; x_wconf 93' lang='lat' dir='ltr'><strong>LI.</strong></span> <span class='ocrx_word' id='word_1_401' title='bbox 2070 4194 2170 4257; x_wconf 80' lang='lat' dir='ltr'><strong>Dc</strong></span> <span class='ocrx_word' id='word_1_402' title='bbox 2189 4214 2350 4279; x_wconf 81' lang='lat' dir='ltr'><strong>pace</strong></span> <span class='ocrx_word' id='word_1_403' title='bbox 2372 4190 2797 4277; x_wconf 72' lang='lat' dir='ltr'><strong>dieiforemt‘s.</strong></span> <span class='ocrx_word' id='word_1_404' title='bbox 2823 4188 2874 4267; x_wconf 64' lang='lat'><strong>§-</strong></span> 
     </span>
     <span class='ocr_line' id='line_1_87' title="bbox 1747 4276 2873 4366; baseline -0.012 -16"><span class='ocrx_word' id='word_1_405' title='bbox 1747 4291 1803 4350; x_wconf 90' lang='lat'><strong>1.</strong></span> <span class='ocrx_word' id='word_1_406' title='bbox 1830 4283 2240 4366; x_wconf 77' lang='lat' dir='ltr'><strong>Quicumque</strong></span> <span class='ocrx_word' id='word_1_407' title='bbox 2283 4299 2514 4366; x_wconf 83' lang='lat' dir='ltr'><strong>pacem</strong></span> <span class='ocrx_word' id='word_1_408' title='bbox 2559 4279 2632 4343; x_wconf 86' lang='lat' dir='ltr'><strong>in</strong></span> <span class='ocrx_word' id='word_1_409' title='bbox 2668 4277 2768 4342; x_wconf 88' lang='lat' dir='ltr'><strong>die</strong></span> <span class='ocrx_word' id='word_1_410' title='bbox 2795 4276 2873 4339; x_wconf 81' lang='lat' dir='ltr'><strong>fo·</strong></span> 
     </span>
    </p>
   </div>
  </div>
 </body>
</html>
