3150 5017
1263 332 1787 397 -15--.

1432 505 1492 569 7.

803 638 812 651 '
849 635 1202 725 'Decreta
1251 640 1643 725 Brecislai
1693 636 1753 723 1.
1809 639 2053 722 ducis,

933 781 942 791 ·
1093 786 1100 793 ·
1293 790 1300 795 ·
1367 781 1556 845 1039.

469 896 776 993 erasmum
821 936 866 989 1.
912 888 1206 993 &lisuino
1259 906 1366 990 dim
1417 936 1825 1003 (lost-1055),
1874 950 2037 1001 quum
2074 937 2131 987 in
2166 936 2502 1001 expeditione
2552 938 2649 989 ad-

261 1014 450 1063 'versus
483 1008 716 1075 Polonos
751 1022 895 1063 anno
935 1008 1068 1059 1039
1102 1013 1352 1071 suscepta
1385 1012 1620 1057 castrum
1657 1005 1911 1057 Gneadno
1948 1004 2001 1054 vi
2039 1004 2424 1073 expugnasset}
2462 1006 2551 1057 ubi
2589 1009 2648 1057 in

281 1072 578 1135 basilica'S.
616 1072 720 1127 Dei
755 1075 1028 1141 genitricis
1075 1091 1268 1141 corpus
1315 1074 1589 1126 Adalberti
1638 1076 1869 1140 episcopi
1919 1080 1973 1124 et
2018 1075 2263 1140 martyris
2318 1076 2647 1138 servabatur,

278 1148 432 1197 ardua
462 1162 679 1197 suorum
715 1146 936 1211 ingenia
970 1146 1326 1209 mitigaturus,
1363 1145 1641 1196 occasione
1677 1144 1778 1193 sibi
1814 1142 1994 1193 oblata
2028 1142 2107 1193 uti
2144 1144 2415 1194 constituit
2432 1151 2492 1194 ut
2522 1162 2647 1196 suos

259 1216 460 1279 dii-hac
493 1216 833 1281 expeditione
869 1216 1090 1263 comites
1121 1226 1412 1277 eorumque
1445 1216 1763 1265 anctoritate
1808 1218 2011 1263 ceteros
2058 1212 2319 1263 Bobemos
2365 1214 2432 1264 ad
2480 1228 2645 1279 quae-

283 1285 398 1335 dam
433 1286 648 1339 decreta
683 1283 1056 1350 amplectenda
1091 1282 1394 1345 adduceret,
1431 1282 1623 1347 quibus
1677 1295 1811 1347 quae
1855 1284 1915 1331 in
1958 1281 2241 1347 disciplina
2286 1283 2651 1335 ecelesiastica

280 1360 420 1405 erant
451 1354 760 1420 depravata,
798 1354 1198 1417 corrigerentur.
1267 1352 1419 1415 Quae
1453 1351 1665 1401 decreta
1711 1352 1779 1401 ab
1826 1351 1943 1415 ipso
1990 1350 2185 1401 Severo
2232 1351 2490 1417 pragensi
2535 1355 2647 1421 epi·

277 1439 442 1490 scopo,
476 1426 570 1487 qui
599 1424 786 1473 ducem
822 1422 880 1471 in
916 1421 1018 1472 hac
1053 1420 1389 1487 expeditione
1424 1421 1791 1481 comitabatur,
1827 1434 1942 1471 esse
1976 1420 2214 1485 profecta
2247 1420 2509 1473 videntur.

303 1486 314 1495 ’
433 1490 437 1492 ’
470 1493 830 1543 Continentur
865 1496 1056 1541 autem·
1077 1492 1135 1539 in
1172 1488 1396 1541 cosmae
1433 1490 1630 1541 Chron.
1666 1488 1735 1541 ad
1769 1505 1819 1540 a.
1859 1491 2013 1541 1039.

440 1632 494 1693 1.
540 1627 696 1691 Hoc
752 1648 968 1690 meum
1025 1627 1396 1711 proximum
1460 1626 1875 1710 (maximum)
1936 1632 2001 1689 et
2062 1628 2341 1710 primum
2402 1628 2485 1691 sit
2530 1627 2647 1693 de-

281 1724 539 1794 cretum,
607 1714 682 1777 ut
757 1718 984 1777 vestra
1043 1712 1370 1776 connubia
1415 1734 1585 1798 quae
1625 1712 1943 1775 hactenus
1986 1708 2304 1775 habuistis
2346 1721 2421 1777 ut
2464 1712 2648 1801 lupa-

278 1804 451 1865 naria
495 1811 564 1865 et
595 1822 732 1865 ¹ceu
777 1798 1020 1863 brutis>
1055 1798 1450 1863 animalibus
1517 1800 1908 1879 communia,
1980 1819 2023 1861 a
2064 1796 2258 1863 modo
2299 1800 2490 1883 Juxta
2532 1822 2645 1864 ca-

276 1907 506 1951 nonum
583 1888 748 1950 scita
815 1886 946 1949 sint
1006 1886 1314 1971 legitima,
1386 1886 1518 1971 sint
1586 1887 1859 1973 privata,
1934 1885 2067 1949 sint
2110 1883 2509 1966 insolubilia,
2554 1887 2649 1951 ita

187 2022 196 2037 .
282 1975 592 2039 duntaxat
616 1983 689 2036 ut
719 1996 850 2037 una
876 1974 977 2036 vir
1002 1994 1286 2056 conjuge
1304 1982 1376 2036 et·
1391 1972 1683 2035 coniunx
1705 1974 1849 2035 viro
1881 1992 2011 2035 uno
2058 1973 2343 2037 contenti
2390 1972 2641 2039 vivant.

431 2062 491 2125 2.
565 2060 636 2124 Si
699 2068 913 2123 autem
962 2060 1253 2123 coniunx
1295 2060 1526 2137 virum,
1592 2066 1706 2122 aut
1748 2060 1851 2121 vir
1894 2056 2241 2141 conjugem
2300 2061 2641 2141 spreverit,

276 2143 332 2210 e't
369 2143 736 2211 rina-’inter
777 2168 890 2211 eos
933 2158 1140 2231 usque
1185 2145 1270 2208 ad
1315 2143 1661 2209 discidium
1708 2142 2101 2223 efferbuerit,
2148 2145 2257 2229 qui
2304 2166 2391 2207 ex
2434 2147 2527 2209 eis
2572 2148 2643 2211 in

276 2234 546 2317 priorem
613 2231 912 2319 copulam
974 2232 1263 2316 legitime
1326 2230 1719 2295 celebratam
1767 2230 1979 2293 redire
2024 2227 2325 2311 noluerit,
2371 2229 2525 2296 nolo
2572 2240 2645 2295 ut

277 2320 627 2397 secundum
679 2320 884 2382 ritum
948 2328 1212 2383 nostrae
1271 2326 1485 2381 terrae
1545 2316 1741 2400 hujus
1788 2317 1881 2381 rei
1929 2314 2211 2379 violator
2252 2316 2321 2380 in
2368 2319 2647 2383 servitu·

275 2417 390 2469 tem
436 2406 798 2491 redigatur,
847 2404 962 2469 sed
1004 2406 1224 2491 potius
1269 2406 1472 2468 nostri
1515 2400 1947 2467 immutabilis
1993 2400 2235 2465 decreti
2280 2424 2399 2487 per
2441 2426 2642 2489 anga-

273 2494 443 2573 riam,
489 2493 968 2579 qualiscunque
1013 2493 1098 2555 sit
1141 2512 1438 2577 persona,
1484 2490 1820 2575 redigatur
1863 2491 1931 2551 in
1977 2488 2359 2572 Ungariam‚
2425 2500 2490 2555 et
2535 2513 2644 2555 ne-

315 2600 594 2664 uaquam
655 2578 850 2641 liceat
907 2586 981 2641 ut
1038 2580 1247 2663 pretio
1309 2587 1378 2641 se
1424 2576 1719 2655 redimat,
1765 2584 1879 2639 aut
1922 2577 1989 2639 in
2037 2573 2209 2645 hanc
2252 2585 2492 2641 terram
2538 2599 2643 2641 re-

275 2600 434 2747 deat,
480 2688 568 2729 ne
615 2666 809 2727 unius
856 2665 1158 2749 contagio
1205 2663 1502 2731 oviculae
1546 2673 1753 2727 totum
1774 2662 2017 2726 Christi
2063 2673 2283 2747 serpat
2309 2684 2425 2747 per
2447 2662 2641 2728 ovile.

435 2754 492 2817 3.
540 2750 798 2815 Eadem
859 2752 1185 2814 sententia
1243 2751 1374 2815 sint
1416 2750 1807 2836 plectendae
1850 2749 2141 2832 virginee
2188 2756 2252 2811 et
2297 2750 2537 2815 viduae
2582 2758 2649 2815 et'

273 2835 621 2921 adulterae,
690 2858 860 2923 quae
897 2838 1158 2917 ‚nomen
1207 2836 1469 2917 'bonum'
1529 2838 1875 2918 ‚amississe
1942 2844 2007 2899 et
2054 2832 2381 2922 pudorem
2428 2846 2647 2901 corru-

273 2926 435 3007 pisse
505 2945 590 2987 ac
662 2946 781 3009 per
813 2930 1129 2987 'scortum
1177 2924 1553 3008 concepisse
1601 2922 2105 3006 dignoscuntur3
2168 2942 2319 2984 nam
2369 2944 2514 2986 cum
2563 2921 2643 2985 li-

273 3008 488 3073 berum
560 3009 853 3074 nubendi
913 3009 1200 3073 habeant
1266 3008 1649 3091 arbitrium,
1717 3030 1836 3073 cur
1908 3009 2326 3071 committunt
2393 3008 2645 3073 adulte·

278 3097 566 3245 napaei:
625 3104 980 3181 conceptus
1011 3116 1188 3161 ¹suos.
1221 3094 1616 3177 abortivant,
1663 3095 1841 3183 quod
1885 3102 1984 3158 est
2029 3094 2382 3181 pessimum
2428 3086 2644 3163 scelus

273 3202 370 3245 sce
395 3204 605 3247 erum.
1670 3231 1675 3237 -
1940 3246 1943 3251 .

355 3284 357 3287 ⁴
439 3269 500 3334 4.
554 3267 632 3333 Si
675 3290 830 3333 vero
875 3266 1112 3333 mulier
1153 3266 1661 3354 proclamaverit
1702 3268 1843 3353 pari
1888 3268 2033 3334 vice
2077 3291 2214 3339 non⁴
2255 3275 2481 3354 amari,
2528 3272 2644 3337 sed

275 3353 706 3431 inclementer
765 3376 806 3417 a
871 3356 1015 3419 viro
1043 3349 1054 3437 '-
1079 3376 1196 3419 suo
1253 3352 1468 3439 'affligi
1533 3364 1599 3419 et
1658 3354 2016 3441 profligari,
2072 3356 2263 3423 detur
2314 3362 2487 3425 inter
2530 3382 2643 3425 eos

267 3440 586 3524 judicium
628 3440 776 3519 Dei,
823 3449 887 3505 et
931 3442 1041 3527 qui
1086 3442 1396 3505 inventus
1441 3440 1639 3506 fuerit
1679 3462 1849 3522 reus,
1886 3440 2109 3507 'solvat
2148 3456 2397 3532 'poenas
2440 3448 2556 3511 rei.
2656 3435 2663 3445 ”

443 3529 506 3593 5.
557 3527 875 3592 Similiter
941 3539 1007 3592 et
1081 3527 1162 3592 de
1227 3526 1328 3591 his
1399 3530 1510 3615 qui
1555 3527 1925 3593 homicidiis
1970 3530 2387 3613 infamantur,
2435 3532 2645 3597 archi-

273 3619 618 3699 presbyter
659 3613 880 3678 comiti
927 3613 1104 3679 illius
1151 3615 1751 3695 civitatisonomina
1795 3636 2019 3680 eorum
2068 3617 2385 3682 asscribat
2428 3630 2495 3682 et
2538 3640 2643 3683 co-

279 3720 411 3763 mes
473 3722 589 3764 eos
655 3702 1042 3777 conveniam
1103 3710 1170 3765 et
1229 3702 1280 3764 si
1337 3700 1835 3785 sunt‘rebelles‚
1878 3704 1947 3766 in
1996 3725 2319 3769 carcerem
2367 3704 2642 3789 redigat,

278 3782 480 3849 donec
525 3796 648 3850 aut.
680 3787 1150 3879 poenitentiam
1197 3786 1462 3872 dignam
1510 3796 1729 3873 agant,
1798 3798 1913 3853 aut
1978 3790 2035 3853 si
2101 3801 2365 3875 negant,
2433 3794 2643 3875 ignito

269 3870 430 3936 ferro
499 3874 638 3935 sive
703 3872 1004 3958 adjurata
1063 3878 1242 3959 aqua
1299 3882 1515 3938 utrum
1563 3873 1925 3960 culpabiles
1968 3877 2118 3958 sint,
2164 3879 2643 3943 examinentur.

430 3959 492 4023 6.
541 3957 940 4025 Fratricidas
998 3971 1217 4025 autem
1279 3968 1344 4025 et
1375 3960 1749 4045 parricidas
1794 3964 1935 4025 sive
1980 3962 2389 4028 sacerdotum
2434 3966 2631 4030 inter-

274 4041 548 4117 fectores
609 4054 675 4111 et
735 4044 1114 4131 hujusmodi
1167 4046 1560 4133 capitalibus
1620 4045 2003 4113 criminibus
2062 4049 2367 4133 irretitos,
2425 4051 2640 4117 archi-

268 4130 616 4217 presbyter.
649 4134 940 4217 assignet
982 4154 1098 4198 eos
1138 4134 1360 4199 comiti
1404 4133 1511 4207 vel
1557 4132 1729 4214 duci,
1775 4134 1913 4197 sive
2006 4157 2077 4201 er
2120 4159 2353 4201 manus
2390 4150 2454 4203 et
2485 4159 2661 4203 ven--

265 4223 421 4279 trem
467 4216 745 4282 ferratos
789 4218 872 4283 de
913 4240 1116 4303 regno
1162 4221 1401 4307 ejiciat,
1445 4222 1519 4285 ¹ut
1561 4218 1649 4287 ad
1692 4220 1900 4286 instar
1946 4158 2112 4289 (gain
2158 4220 2310 4308 vagi
2372 4234 2436 4287 et
2494 4246 2657 4309 pro-.-

267 4300 398 4384 fugi
443 4304 844 4369 circumeant
885 4314 1172 4372 terram:
2327 4332 2335 4344 ¹
2648 4326 2659 4345 ·
