3150 5017
472 308 611 357 m.
656 308 746 357 Π.
1428 322 1519 339 -
1603 286 1736 353 414
1817 326 1906 339 —

1462 462 1639 545 Gap.
1687 460 1876 528 xm.

1281 564 1382 628 De
1423 562 1678 628 testibus
1721 566 2028 650 cogendis.

650 722 713 801 ἓ.
744 727 801 785 1.
841 718 911 785 Si
942 727 1161 785 autem
1191 727 1393 783 testes
1438 717 1614 801 odio,
1659 721 1872 803 gratia
1893 720 2002 785 vel
2029 722 2264 787 timore
2286 742 2359 786 se
2395 718 2862 793 subtraxerint,

460 804 675 891 judex
738 807 917 892 ipsos
975 803 1333 889 compellat
1394 805 1656 869 veritati
1715 807 2166 872 testimonium
2227 806 2599 894 perbibere,
2644 826 2732 870 ne
2776 804 2862 870 ob

469 890 799 957 defectum
846 893 1115 957 testium
1162 891 1407 956 veritas
1452 889 1855 973 occultetur-3
1903 901 1969 957 et
2019 894 2236 979 judex
2277 893 2522 979 poterit
2627 912 2866 955 oenam

469 977 761 1043 indicere
836 978 1201 1044 secundum
1262 985 1505 1041 statum
1585 987 1652 1041 et
1711 976 2094 1045 facultatem
2163 982 2431 1046 testium
2491 1000 2578 1043 no
2609 979 2864 1044 entium

470 1085 871 1150 comparere,
934 1085 1195 1150 semper
1255 1063 1340 1127 ad
1403 1064 1720 1147 majorem
1784 1086 2062 1150 poenam
2122 1086 2574 1153 processurus,
2637 1066 2694 1130 si
2739 1062 2868 1129 boc

475 1153 811 1216 temeritas
871 1151 1303 1235 promeruerit
1360 1151 1791 1235 contumacia,
1837 1160 1912 1217 ut
1968 1174 2185 1239 poena
2243 1153 2442 1217 unius
2501 1159 2718 1217 metus
2783 1152 2869 1217 sit

472 1236 853 1302 multorum.
901 1240 961 1319 §-
984 1238 1043 1301 2.
1072 1237 1142 1301 Si
1168 1244 1385 1301 autem
1418 1245 1619 1303 testes
1665 1238 1761 1301 sic
1803 1238 1891 1303 ad
1921 1240 2373 1307 testimonium
2419 1235 2869 1325 compellendi

473 1323 556 1388 de
582 1321 803 1388 aliena
826 1322 1071 1389 fuerint
1083 1321 1567 1409 jurisdictione,
1613 1331 1774 1389 tunc
1804 1325 1987 1410 ipsos
2030 1325 2264 1393 eodem
2307 1325 2505 1392 modo
2551 1322 2867 1410 compelli

474 1430 593 1492 per
665 1409 880 1474 virum
948 1408 1387 1475 clarissimum
1474 1410 1908 1477 camerarium
1985 1422 2282 1479 nostrum
2347 1412 2437 1479 ad
2504 1409 2864 1477 dicendum

475 1496 923 1562 testimonium
970 1500 1273 1561 volumus
1320 1496 1467 1561 sine‘
1508 1516 1712 1564 mora.

1476 1808 1650 1891 Gap.
1693 1806 1881 1875 less

1212 1907 1330 1991 'De
1356 1925 1497 2010 fide
1539 1928 2108 1995 instrumentorum,

653 2098 792 2165 Sub
836 2102 1421 2165 instrumentorum
1490 2101 1757 2166 nomine
1819 2120 2046 2167 omnes
2088 2101 2320 2167 literae
2363 2099 2870 2181 testimoniales,

482 2194 547 2252 et
595 2206 765 2271 quae
808 2188 1151 2251 veritatem
1196 2188 1549 2266 instruunt,
1595 2188 2034 2254 continentur.
2648 2211 2652 2215 ·

652 2275 715 2354 ξ.
788 2273 861 2353 1.,
933 2272 1023 2337 Et
1088 2281 1189 2338 est
1250 2274 1764 2338 instrumentum
1833 2275 2160 2361 scriptura
2225 2275 2400 2340 facta
2444 2274 2530 2340 ad
2576 2271 2870 2360 probati·

478 2378 671 2424 onem
719 2358 1001 2443 alicujus
1045 2361 1166 2440 rei,
1210 2369 1442 2445 estque
1515 2358 1890 2424 roboranda
1935 2361 2422 2449 subscriptione
2503 2359 2591 2425 ad
2648 2362 2874 2424 minus

481 2444 757 2509 duorum
804 2446 1088 2525 testium,
1134 2454 1200 2511 et
1244 2445 1461 2531 sigillo
1506 2444 1903 2528 authentico,
1949 2457 2021 2514 ut
2080 2448 2140 2513 ei
2185 2447 2385 2533 plena
2448 2446 2614 2512 fides
2653 2444 2872 2511 adhi-

481 2529 732 2595 beatur.
794 2534 856 2613 ξ.
904 2531 964 2595 2.
1011 2531 1245 2615 sigilla
1290 2542 1509 2597 autem
1545 2532 1701 2616 jure
1747 2541 2208 2600 montanorum
2251 2532 2634 2600 authentica
2675 2540 2871 2597 sunt:

483 2615 769 2701 sigillum
835 2619 1182 2682 camerarii
1228 2623 1451 2697 nostri,
1510 2617 2025 2701 urburarIorum,
2089 2621 2452 2703 civitatum,
2489 2621 2868 2705 juratorum

481 2700 821 2782 montium,
868 2711 935 2768 et
970 2704 1270 2788 judicum
1331 2726 1409 2769 ac
1453 2706 1918 2789 magistrorum
1967 2708 2328 2789 montium;
2385 2704 2565 2772 unde
2624 2707 2867 2770 instru-

488 2796 708 2854 menta
770 2788 875 2853 his
920 2791 1174 2855 munita
1217 2789 1451 2876 sigillis
1496 2812 1648 2856 cum
1671 2790 2268 2879 subscriptionibus
2299 2794 2568 2859 testium
2613 2791 2872 2856 faciunt

480 2878 553 2939 in
589 2874 863 2960 judiciis
908 2885 974 2941 et
1018 2885 1206 2941 extra
1245 2876 1501 2958 judicia
1544 2877 1810 2963 plenam
1871 2878 2092 2957 fidem,
2154 2878 2510 2946 dummodo
2553 2898 2690 2944 non
2735 2879 2872 2943 sint

486 2982 657 3043 rasa,
706 2962 994 3028 maxime
1038 2964 1107 3027 in
1154 2972 1458 3049 suspecto
1518 2962 1684 3040 loco,
1748 2964 2000 3031 scilicet
2043 2966 2222 3030 circa
2267 2965 2488 3030 datam
2535 2963 2644 3031 vel
2691 2966 2872 3029 circa

488 3049 751 3131 propria
794 3050 1081 3129 nomina,
1129 3071 1279 3113 nam
1326 3051 1394 3114 in
1440 3049 1572 3113 illis
1607 3049 1770 3115 locis
1803 3050 2065 3116 facilius
2110 3051 2568 3117 consideratur
2611 3050 2871 3116 falsitas

484 3136 930 3216 instrumenti3
978 3128 1102 3199 nec
1146 3137 1344 3200 etiam
1407 3137 1540 3200 sint
1585 3136 1972 3217 cancellata,
2018 3158 2234 3224 neque
2293 3140 2362 3203 in
2411 3137 2637 3225 aliqua
2685 3147 2870 3223 parte

484 3219 609 3285 sui·
631 3221 890 3302 vitiosa,
936 3231 1002 3286 et
1046 3220 1219 3305 quod
1263 3224 1333 3286 in
1366 3222 1600 3307 sigillis
1646 3245 1804 3288 vera
1850 3234 2166 3311 appareat
2193 3224 2552 3311 sculptura,
2601 3221 2869 3309 et'quod

484 3306 699 3371 orbita
744 3309 828 3371 sit
874 3308 1217 3394 completa.
1264 3312 1324 3389 ξ.
1372 3308 1433 3373 3.
1483 3307 1618 3373 Sed
1662 3317 1862 3385 testes
1905 3312 1975 3376 in
2020 3312 2474 3377 instrumentis
2517 3312 2869 3397 inscriptos

490 3414 737 3463 omnes.
762 3394 1204 3481 praecipimus
1229 3415 1373 3460 esse
1396 3402 1678 3481 rogatos.
1727 3400 1788 3479 ξ.
1807 3399 1868 3463 4.
1914 3398 2004 3463 Et
2020 3397 2360 3463 sciendum
2389 3408 2507 3480 est,
2553 3397 2704 3463 ideo
2727 3396 2872 3461 fieri

478 3481 935 3561 instrumenta,
966 3490 1039 3546 ut
1062 3502 1161 3560 ea,
1205 3503 1372 3567 quae
1394 3482 1566 3547 inter
1591 3481 1887 3549 homines
1909 3493 2214 3570 aguntur,
2259 3483 2524 3550 facilius
2565 3503 2867 3568 compro-

487 3565 749 3631 bentur.
839 3570 898 3648 ξ.
942 3568 1005 3631 5.
1053 3566 1123 3632 Si
1147 3575 1367 3633 autem
1412 3590 1515 3633 res
1559 3579 1750 3653 gesta
1795 3572 1938 3635 sine
1983 3572 2318 3637 literarum
2367 3572 2869 3656 consignatione

485 3652 767 3717 veritate
810 3651 1059 3719 factum
1107 3675 1297 3718 suum
1389 3653 1679 3732 raebeat,
1730 3679 1862 3721 non
1908 3656 2062 3723 ideo
2107 3660 2326 3723 minus
2373 3657 2642 3739 valebit,
2691 3655 2869 3743 quod

486 3740 995 3805 instrumentum
1042 3739 1299 3806 nullum
1393 3763 1429 3807 e
1496 3762 1574 3807 eo
1657 3743 2051 3822 intercessit,
2111 3746 2268 3831 quia
2326 3743 2477 3830 plus
2537 3742 2720 3811 valet
2761 3764 2870 3807 ve-

486 3826 666 3905 ritas,
713 3846 909 3913 quam
954 3829 1297 3914 scriptura.
1387 3831 1447 3910 §-
1508 3830 1568 3893 6.
1659 3830 1730 3895 Si
1796 3832 1944 3916 quis
1989 3839 2210 3897 autem
2254 3830 2558 3895 incautus
2605 3830 2869 3896 diversa

482 3912 921 3977 instrumenta
967 3915 1091 3979 sibi
1135 3915 1419 3979 invicem
1469 3913 1990 3983 contradicentia
2053 3917 2308 4003 judicio
2354 3916 2718 4003 protulerit,
2765 3918 2864 3981 ni-

487 3997 582 4064 hil
629 3998 883 4084 probat,
928 4021 1079 4065 nam
1124 4000 1420 4086 allegans
1465 4005 1811 4084 contraria,
1859 4026 1992 4069 non
2039 4013 2138 4069 est
2181 4003 2572 4070 audiendus.
