3150 5017
1165 277 1637 342 -161—

229 455 392 570 maen
437 448 682 568 Εῗοιιείε
726 449 961 514 regionis
1015 447 1084 500 ad
1147 448 1482 500 Bohemiam·
1529 448 1803 515 adjunctio
1873 451 1999 502 inde
2068 454 2281 508 stabilis
2339 463 2391 511 et
2442 473 2561 525 per·

229 536 286 586 pe
340 533 373 570 a
406 533 494 569 era

240 652 246 654 .
411 605 576 654 Hicce
605 602 869 667 legentem
905 601 1286 654 admoneamus
1321 606 1542 668 oportet,
1577 601 1869 668 regionem,
1917 619 2055 668 quae
2101 623 2245 658 nunc
2288 609 2583 662 Aschensis

228 673 416 738 dicitur,
428 671 739 735 saeculoque
750 670 874 720 XII.
887 671 1025 736 iupa
1059 671 1360 722 Sedlecensi
1387 673 1805 736 praetexebatur,
1826 675 2070 724 maximis
2089 676 2157 726 ad
2186 682 2345 742 caput
2368 679 2587 730 Elstrae

228 742 358 792 fluvii
390 742 533 792 silvis
569 745 680 790 tum
717 742 976 790 consitam
1011 739 1176 792 fuisse
1213 745 1266 790 et
1299 755 1348 791 a.
1394 742 1526 790 1165
1564 741 1663 810 sub
1698 741 1994 792 Wladislao
2036 743 2109 795 11.
2146 745 2433 797 Bohemiae
2460 763 2583 812 par·-

228 817 321 861 tem
353 825 463 861 esse
495 808 762 858 habitam:
801 811 956 860 Ultra
987 811 1318 873 provinciam
1353 808 1540 858 Sedlec
1573 810 1807 860 ambitus
1853 811 1993 876 quod
2048 812 2354 865 sclavonice
2407 815 2579 880 Ujezd

230 880 398 930 dicitur
432 879 580 939 1181,
618 877 847 928 ambit-us
877 876 1052 940 Ujead
1090 878 1325 928 boemice
1378 877 1710 944 appellatus,
1741 879 2045 930 theutonice
2086 897 2211 932 vero
2278 884 2575 949 meringen,

231 951 364 1010 1195,
384 947 521 998 ultra
535 947 865 1011 provinciam
896 939 1071 996 Sedliz
1107 947 1436 1011 provinciam
1473 949 1747 1012 mering-en
1782 963 1903 998 cum
1938 949 2104 1014 villis,
2142 949 2292 1000 silvis
2329 957 2381 1002 et
2402 953 2573 1004 omni-

229 1018 314 1068 bus
357 1017 591 1066 terminis
638 1015 767 1078 suis.
814 1043 882 1052 -
931 1015 1206 1066 Dioecesis
1253 1015 1535 1080 Pragensis
1581 1016 1640 1064 in
1692 1015 1795 1066 hac
1824 1019 2064 1082 regione,
2128 1033 2299 1083 usque
2334 1019 2402 1082 ad
2432 1019 2581 1070 hunc

229 1085 349 1136 diem
382 1085 508 1136 duos
541 1082 705 1133 habet
746 1098 916 1150 pagos
963 1085 1022 1134 in
1074 1083 1309 1135 Saxonia
1355 1085 1502 1150 sitos,
1552 1099 1774 1148 quorum
1821 1085 1972 1136 alteri
2024 1087 2167 1150 Bait,
2218 1089 2377 1139 alteri
2426 1087 2583 1140 Stuhl

233 1169 410 1204 nomen
442 1157 536 1205 est.

409 1238 655 1289 Ceterum
722 1237 957 1289 secunda
999 1253 1132 1288 uxor
1177 1237 1462 1288 wladislai
1496 1238 1542 1289 Ι.
1589 1238 1802 1298 Richsa,
1856 1239 2179 1291 marchionis
2230 1255 2265 1292 a
2310 1241 2571 1308 Vohburg·

229 1307 347 1371 filia,
414 1307 548 1358 dotis
620 1307 836 1356 nomine
886 1307 1276 1372 possessionem
1346 1305 1615 1370 quandam
1680 1308 1737 1356 in
1790 1308 1932 1372 iupa
1986 1308 2289 1360 Sedleeensi
2344 1313 2568 1378 aceepit,

230 1377 388 1426 eodem
420 1375 592 1440 modo,
629 1379 690 1425 ut
720 1381 909 1440 postea
941 1376 1208 1438 Ludmila,
1242 1375 1502 1424 Friderici
1535 1375 1581 1426 1.
1629 1375 1777 1426 ducis
1825 1376 1953 1439 filia,
2003 1378 2197 1428 marito
2248 1394 2344 1430 suo
2394 1381 2577 1432 comiti

229 1445 286 1496 de
310 1447 482 1510 Bogen
517 1443 721 1493 curiam
757 1443 943 1494 Susino
979 1444 1066 1494 vel
1101 1443 1518 1494 Schiittenhofen
1554 1458 1649 1507 pro
1687 1445 1809 1495 dote
1845 1444 2039 1495 adtulit
2083 1444 2157 1512 (v,
2196 1448 2325 1510 63.).
2401 1449 2581 1510 Quum

229 1519 384 1564 autem
413 1513 773 1578 possessiones
806 1513 1218 1579 Vohbnrgenses
1255 1513 1322 1562 ad
1358 1513 1687 1562 Fridericum
1720 1513 1765 1562 Ι.
1799 1515 1929 1578 imp.
1966 1515 2349 1580 pervenissent,
2384 1517 2586 1568 factum

230 1587 311 1646 est,
361 1587 417 1632 ut
447 1583 794 1647 imperatores
827 1583 1002 1647 gentis
1039 1581 1518 1632 Hohenstaufeneis
1556 1581 1851 1632 dominium
1885 1583 1943 1632 in
1980 1587 2131 1648 parte
2167 1584 2341 1648 iupae
2396 1584 2577 1636 Sedle-

229 1651 378 1702 censis
410 1665 541 1716 quae
577 1649 867 1700 Bohemiae
900 1665 1026 1715 pars
1063 1655 1193 1714 erat,
1232 1655 1552 1700 exercerent.

407 1737 620 1786 Literae
652 1737 792 1802 regis
828 1735 1121 1800 Premyslai
1155 1735 1382 1786 Otakari
1423 1735 1512 1797 IL,
1565 1735 1759 1798 quibus
1798 1735 2071 1787 libertates
2118 1737 2327 1800 civium*
2366 1739 2576 1804 Egi-en·-

228 1806 347 1856 sium
377 1804 764 1865 confirmantur,
800 1806 1032 1854 insertae
1066 1808 1189 1854 sunt
1222 1804 1390 1854 literis
1439 1804 1621 1854 Caroli
1670 1803 1766 1854 IV.
1812 1806 1960 1870 imp„
1998 1804 2068 1855 ad
2121 1804 2265 1856 hunc
2318 1807 2459 1858 diem
2508 1809 2569 1860 in

228 1874 414 1924 archivo
449 1873 682 1924 civitatis
714 1874 889 1938 Egrae
923 1873 1224 1936 assei-vatia,
1261 1887 1485 1937 quarum
1521 1876 1824 1923 contextum
1858 1875 2063 1939 primus
2099 1877 2244 1940 typis
2262 1875 2429 1927 edidit
2447 1877 2569 1928 Pel·

229 1942 373 1994 aelius
401 1944 458 1994 in
489 1942 656 1994 libro:
693 1943 762 1993 K.
796 1941 927 1994 Karl
964 1942 1013 1993 d.
1051 1942 1230 1993 Vierte
1265 1941 1420 2008 (Urk.
1456 1941 1737 2004 XLVIII.)

374 2080 448 2145 In
491 2079 759 2144 nomine
803 2078 1095 2142 Domini.
1147 2078 1384 2142 Amen.

373 2165 506 2230 Nos
567 2163 930 2230 Ottokarus
982 2163 1109 2227 Dei
1175 2165 1388 2247 gratia
1431 2163 1744 2228 Boemiae
1788 2184 1928 2244 rex,
1976 2161 2113 2226 dux
2156 2162 2467 2228 Austriae
2510 2171 2575 2230 et

230 2249 460 2336 Styriae
503 2271 584 2316 ac
631 2249 920 2314 marchio
963 2251 1302 2314 Moraviae
1327 2298 1344 2330 ‚
1390 2249 1695 2313 omnibus
1740 2250 1809 2312 in
1854 2259 2263 2335 perpetuum.
2328 2291 2335 2296 -

375 2336 478 2401 Ad
530 2337 914 2401 memoriam
976 2346 1306 2421 gestorum
1352 2335 1673 2420 regalium
1725 2338 2047 2420 exemptis
2094 2333 2575 2398 calumniarum

228 2421 642 2506 quarumlibet
704 2421 1052 2507 scrupulis
1094 2430 1408 2509 perpetuo
1469 2420 1948 2486 observandam
1996 2421 2285 2507 expedit,
2346 2429 2419 2484 ut
2466 2441 2574 2484 ea-

227 2507 355 2570 dem
395 2511 580 2592 juxta
625 2507 1164 2573 consuetudinem
1210 2506 1641 2592 approbatam
1687 2507 2049 2592 antiquitus
2110 2515 2177 2571 et
2235 2505 2579 2580 inductam

225 2595 668 2676 scripturarum
727 2593 1071 2659 vocabulis
1123 2595 1599 2678 mancipentur.
1702 2593 1882 2656 Hinc
1942 2603 2071 2674 est,
2154 2592 2335 2678 quod
2407 2594 2576 2658 scire

226 2678 500 2744 volumus
530 2682 878 2744 universos
925 2689 990 2744 et
1035 2681 1345 2765 singulos,
1390 2691 1524 2744 tam
1570 2686 1867 2764 posteros
1915 2700 2109 2765 quam
2161 2687 2584 2764 praesentes:
2692 2760 2697 2768 .

377 2766 477 2852 (Ι.)
524 2764 720 2847 Quod
780 2766 1090 2830 fidelibus·
1150 2768 1386 2832 nostris
1447 2765 1703 2831 civibus
1764 2765 2175 2849 Egrensibus
2224 2767 2579 2846 universis,

226 2871 428 2918 omnes
469 2853 806 2918 libertates
854 2861 920 2916 et
963 2855 1126 2937 jura,
1190 2850 1426 2938 quibus
1486 2850 1891 2936 temporibus
1938 2850 2229 2935 inclytae
2274 2849 2581 2914 recorda-

225 2935 424 3002 tionis·
458 2940 928 3024 imperatorum
990 2959 1350 3022 regumque
1394 2938 1838 3002 Romanorum
1885 2936 2201 3000 hactenus
2258 2945 2411 3000 sunt
2470 2957 2582 3020 ga-

224 3023 353 3104 visi,
393 3047 555 3111 quae
601 3035 878 3111 possunt
921 3024 1397 3089 rationabiliter
1442 3022 1741 3104 edocere,
1786 3020 2227 3087 immutabilia
2271 3021 2579 3088 volumus

228 3128 616 3176 conservare.
2422 3133 2427 3138 ·

376 3197 514 3280 (ΙΙ.)
559 3196 644 3261 It.
687 3195 1168 3264 infeudationes
1212 3196 1374 3280 ipsis
1419 3193 1677 3260 civibus
1737 3193 1947 3257 factas
1994 3191 2183 3257 titulo
2230 3191 2581 3274 infeodati-

227 3281 352 3344 0nis
389 3302 801 3369 quocumque
869 3303 985 3367 per
1028 3284 1482 3367 imperatores,
1544 3301 1733 3364 reges
1797 3281 2149 3354 Romanos,
2216 3278 2586 3364 palatinum

228 3363 432 3450 Rheni,
477 3367 786 3434 comitem-
831 3368 1214 3432 Ludwicum
1263 3378 1328 3432 et
1373 3365 1803 3432 Chunradum
1864 3365 2070 3438 filium
2133 3367 2309 3449 regis
2358 3363 2581 3430 Chun-

225 3453 367 3533 radi‚
409 3455 653 3519 eisdem
698 3455 1074 3518 immutatas
1120 3453 1657 3518 conservabimus
1704 3462 1769 3517 et
1812 3452 2111 3520 intactas.
2400 3479 2432 3532 g

376 3537 554 3627 (ΠΙ.)
599 3541 681 3604 It.
729 3539 938 3604 dictos
983 3541 1160 3604 cives
1206 3547 1466 3605 nostros
1510 3539 1727 3622 gratia
1773 3536 2042 3623 speciali
2067 3538 2229 3620 ipsis
2254 3536 2429 3601 facta
2453 3559 2571 3622 per

225 3641 346 3706 nos,
388 3625 694 3690 videlieet
752 3627 928 3712 quod
973 3648 1090 3711 per
1131 3648 1408 3710 regnum
1455 3635 1752 3689 nostrum
1806 3634 1873 3689 et
1918 3625 2208 3687 omnium
2255 3632 2578 3689 terrarum

226 3719 568 3776 nostrarum
607 3711 945 3778 districtus
991 3733 1140 3776 cum
1187 3713 1320 3776 suis
1367 3711 1809 3777 mercimoniis
1870 3708 2245 3796 quibuscun
2298 3730 2379 3772 ue
2441 3710 2584 3774 sine

225 3791 644 3863 theloneorum
693 3807 760 3862 et
801 3796 1608 3862 mutarumsolutionibus
1654 3806 1717 3860 et
1742 3797 2207 3861 exactionibus
2232 3795 2279 3860 li
2331 3815 2437 3875 ere
2480 3794 2620 3876 de-'

226 3875 403 3946 beant
446 3889 864 3968 pertransire,
911 3884 1216 3950 volumus
1262 3883 1472 3948 libere
1517 3882 1953 3968 congaudere.
2392 3951 2395 3954 ,
2512 3941 2517 3948 .

375 3969 544 4056 (IV.)
594 3970 672 4036 It.
719 3970 1044 4049 thelonea,
1089 3979 1338 4035 statuta
1379 3968 1676 4038 indebite
1721 3989 1801 4032 ac
1847 3969 1927 4032 de
1973 3988 2164 4049 novo,
2224 3967 2471 4052 pariter
2520 3976 2588 4032 et

231 4054 571 4120 conductus
610 4058 1124 4142 pronunciamus
1169 4056 1356 4121 irrita
1399 4063 1597 4140 atque
1645 4075 1851 4118 cassa.

259 4219 270 4234 .
376 4139 460 4207 Et
499 4151 572 4207 ut
613 4145 978 4229 praemissa
1022 4141 1284 4227 singula
1317 4139 1528 4205 robur
1588 4147 1947 4226 perpetuae
1993 4146 2266 4204 teneant
2310 4138 2581 4210 firmita-

229 4226 323 4303 tis,
380 4237 438 4292 et
480 4251 564 4294 ne
606 4227 880 4315 infringi
946 4228 1216 4294 valeant
1273 4235 1346 4292 ut
1403 4229 1474 4291 in
1537 4226 1760 4312 aliqua
1819 4226 1921 4294 sui
1983 4234 2195 4311 parte,
2256 4230 2578 4312 praesens

321 4327 584 4373 σιηιοιιι
614 4331 772 4374 codex.
799 4333 832 4371 1.
2096 4316 2168 4376 11
