3150 5017
1422 329 1896 402 ...228-

467 524 585 590 pro
631 505 959 572 universis
1002 511 1069 568 et
1112 501 1439 588 singulis,.
1472 501 1848 585 baronibus,
1894 501 2231 570 nobilibus
2277 503 2847 594 et2aliis..quibus-

460 613 743 678 cumque
788 588 1168 667 hominibus
1208 590 1452 656 nostris
1486 590 1962 676 cujuscumque
1989 590 2409 673 conditionis,
2453 613 2622 678 quos
2663 613 2842 658 nunc

456 676 777 746 habemus
820 687 888 744 et
932 679 998 742 in
1045 686 1272 742 nostra
1332 674 1628 741 habituri
1689 678 1934 742 erimus
1997 686 2336 764 potestate,
2395 680 2840 764 promittimus

459 786 498 829 a
574 763 727 834 data
801 765 1248 850 praesentium
1310 783 1520 849 usque
1583 764 1670 832 ad
1745 763 1982 829 festum
2061 763 2234 832 beati
2293 765 2564 851 Georgii
2629 768 2840 851 primo

457 859 825 932 venturum,
886 860 953 916 et
1010 849 1097 915 ab
1143 849 1371 915 eodem
1431 849 1599 915 festo
1663 872 1868 936 usque
1913 859 2046 916 tres
2091 871 2299 918 annos
2362 855 2676 918 continuo
2724 875 2838 918 nu-

454 937 823 1020 meraudos,
866 938 1083 1024 ipsum
1128 937 1361 1003 ducem
1388 936 1740 1004 Nicolaum
1785 936 1978 1024 plene
2024 959 2508 1026 assecuramus,
2544 947 2618 1005 ut
2643 939 2836 1004 ³idem

456 1025 543 1091 ad
587 1047 727 1106 nos,
775 1027 991 1090 curias
1029 1034 1302 1100 nostras,
1351 1025 1807 1110 expeditiones
1852 1034 1919 1090 et
1961 1023 2094 1089 alia
2135 1025 2472 1113 quaelibet
2516 1026 2836 1113 obsequia

457 1110 649 1178 nobis
695 1109 1134 1198 impendenta·
1164 1119 1227 1175 et
1273 1112 1535 1196 negotia
1581 1133 1702 1177 sua
1747 1113 1944 1176 etiam
1988 1112 2364 1198 peragenda
2409 1135 2526 1200 per
2571 1114 2830 1199 praefa-

456 1209 594 1264 tum
640 1209 899 1284 tempus
944 1200 1184 1274 veniat,
1230 1207 1358 1264 stet
1402 1198 1764 1279 nobiscum,
1810 1197 2058 1285 ubique
2081 1221 2200 1285 per
2244 1200 2580 1267 districtus
2621 1203 2833 1272 nostri

456 1285 726 1361 dominii
773 1283 898 1352 sibi
942 1285 1287 1372 placuerit,
1333 1294 1400 1350 et
1422 1284 1509 1350 ad
1532 1283 1780 1367 locum,
1813 1307 1858 1350 a
1901 1306 2032 1371 quo
2055 1285 2142 1352 ad
2167 1308 2286 1352 nos
2331 1287 2533 1370 venit,
2581 1287 2833 1370 redeat,

457 1369 659 1458 salvis
701 1372 993 1474 bonore,
1067 1370 1268 1439 rebus
1336 1373 1474 1438 suis
1540 1381 1606 1441 et
1672 1368 1886 1458 ipsum
1957 1373 2406 1441 comitantium
2473 1376 2722 1461 pariter
2770 1385 2834 1448 et

502 1481 776 1529 arsonis.
2449 1501 2476 1508 --

447 1483 497 1616 ,p
626 1547 1086 1613 Promittentes
1132 1546 1343 1611 eidem
1392 1545 1658 1610 domino
1705 1544 1856 1612 duci
1919 1545 2258 1629 Nicholao,
2304 1547 2485 1635 quod
2529 1557 2664 1614 tam
2709 1571 2832 1636 pro

451 1643 637 1722 parte
681 1642 907 1700 nostra
951 1654 1147 1719 quam
1191 1631 1533 1713 baronum,
1586 1631 1903 1698 nobilium
1951 1641 2018 1698 et
2063 1633 2340 1701 aliorum
2379 1635 2832 1721 quorumlibet

452 1723 751 1808 superius
821 1729 1189 1786 notatorum
1251 1719 1565 1800 fideliter,
1641 1721 2009 1786 intentione
2045 1742 2232 1808 pura
2291 1729 2358 1788 et
2417 1731 2636 1789 menta
2693 1745 2832 1790 non

451 1807 621 1889 ficta,
682 1807 857 1894 quod
901 1809 967 1871 in
1012 1807 1338 1888 veniendo
1398 1807 1484 1872 ad
1544 1827 1688 1888 nos,
1746 1808 1964 1874 curias
2025 1817 2300 1890 nostras,
2370 1810 2831 1895 expeditiones

452 1903 533 1963 et.
570 1895 701 1962 alia
742 1893 935 1960 nobis
980 1893 1294 1980 obsequia
1350 1891 1776 1979 impendenta
1833 1903 1900 1960 et
1959 1896 2222 1980 negotia
2267 1917 2386 1960 sua
2428 1900 2826 1984 peragenda,

448 1981 577 2050 sibi
638 1991 703 2048 et
761 2002 913 2051 eum
976 1979 1443 2048 comitantibus
1513 2002 1631 2067 per
1697 2003 1817 2046 nos
1877 1991 1990 2046 aut
2035 2003 2154 2068 per
2197 1981 2366 2064 illos,
2412 2005 2578 2071 quos
2619 1985 2826 2052 habe-

451 2090 598 2133 mus
644 2077 711 2133 et
753 2078 913 2134 tunc
970 2068 1039 2132 in
1107 2076 1335 2134 nostra
1394 2067 1768 2134 tenebimus
1827 2077 2172 2154 potestate,
2235 2069 2498 2140 nullum
2554 2073 2822 2155 malum,

448 2155 703 2220 nullum
750 2153 1187 2242 dispendium,
1232 2153 1545 2241 nullaque
1570 2154 1886 2221 violentia
1931 2158 1998 2221 in
2047 2156 2314 2238 honore,
2359 2159 2658 2245 personis
2710 2169 2824 2224 aut

447 2241 647 2308 rebus
705 2243 998 2328 ipsorum
1073 2241 1493 2328 aliquatenus
1565 2241 1888 2308 inferetur
1962 2263 2077 2329 per
2152 2247 2468 2330 temporis
2530 2247 2816 2332 spatium

446 2337 924 2418 praetaxatum.

621 2416 901 2480 Gratum
970 2435 1229 2502 quoque
1289 2416 1578 2501 gerimus
1641 2423 1707 2481 et
1767 2424 2130 2503 acceptum,
2208 2417 2383 2505 quod
2443 2417 2619 2485 idem
2682 2421 2822 2486 dux

445 2503 803 2568 Nicholaus
851 2524 891 2567 a
935 2503 1089 2566 data
1133 2503 1576 2588 praesentium
1628 2523 1834 2589 usque
1892 2503 1976 2567 ad
2015 2502 2262 2569 festum
2301 2504 2501 2582 2beati
2548 2507 2820 2594 Georgii

445 2591 657 2677 primo
705 2596 1075 2670 venturum,
1120 2596 1185 2654 et
1226 2586 1315 2653 ab
1358 2589 1584 2654 eodem
1633 2588 1800 2656 festo
1839 2609 2048 2676 usque
2091 2613 2210 2679 per
2253 2593 2450 2657 trium
2498 2613 2820 2660 annorum

447 2676 730 2763 spatium
779 2677 1086 2741 continue
1146 2675 1724 2760 numerandorum,
1782 2685 2000 2742 teneat
2057 2687 2124 2744 et
2183 2679 2520 2765 possideat
2579 2690 2817 2748 terram

448 2763 915 2850 opaviensem,
961 2764 1053 2827 ita
1096 2771 1337 2844 tamen,
1385 2762 1560 2850 quod
1585 2762 1840 2828 nullum
1865 2786 2110 2831 novum
2149 2766 2262 2852 jus
2309 2774 2374 2831 et
2419 2767 2603 2834 nulla
2648 2790 2818 2834 nova

445 2851 616 2918 actio
661 2871 779 2938 per
820 2851 947 2915 hoc
992 2858 1059 2915 et
1098 2871 1184 2914 ex
1226 2848 1353 2914 hoc
1393 2859 1706 2935 emergat,
1752 2853 2098 2936 proveniat
2155 2853 2268 2918 vel·
2315 2855 2642 2922 ‘nascatur
2709 2865 2820 2921 aut

446 2938 784 3004 vendicari
829 2937 1047 3002 valeat
1112 2937 1241 3023 ipsi
1288 2937 1439 3000 duci
1508 2934 1848 3019 Nicholao,
1917 2939 2032 3004 sed
2085 2941 2202 3028 J’us
2271 2950 2337 3006 et
2383 2943 2574 3008 ‘acti'o
2645 2942 2818 3030 quod

445 3024 553 3091 vel
620 3045 787 3112 quae
855 3023 1045 3087 nobis
1142 3023 1248 3088 vel
1336 3022 1463 3110 ipsi
1530 3023 1794 3104 domino
1857 3025 2188 3108 Nicholao,
2244 3029 2455 3108 nunc„
2507 3031 2816 3117 competit

446 3111 554 3179 vel
645 3119 1014 3197 competere
1098 3119 1315 3194 potest
1398 3111 1467 3175 in
1554 3111 1701 3197 ipsa
1793 3121 2002 3194 terra,
2094 3114 2566 3183 inviolabiliter
2655 3139 2811 3184 con·

446 3207 763 3266 servetur.
2163 3245 2170 3253 .
2554 3235 2558 3243 ·
2597 3229 2632 3260 v.

452 3337 465 3342 -
616 3286 1079 3352 Promittentes
1142 3285 1201 3350 ei
1264 3285 1387 3350 sub
1448 3285 1575 3350 fide
1635 3293 1836 3373 atque
1913 3283 2401 3354 conditionibus
2459 3291 2813 3380 praefatis,

446 3373 637 3460 quod.
669 3393 866 3460 super
910 3370 1211 3458 praefata
1254 3381 1429 3438 terra
1472 3370 1578 3436 vel
1623 3372 1832 3457 ips-ius
1872 3373 2026 3457 jure
2068 3375 2244 3439 infra
2286 3378 2601 3464 scriptum
2649 3387 2820 3444 tem·-

444 3482 568 3548 pus
614 3459 865 3525 nullam
936 3481 1053 3544 per
1112 3480 1233 3526 nos
1278 3467 1391 3522 aut
1451 3479 1569 3545 per
1613 3459 2064 3546 interpositam
2129 3483 2476 3548 personam
2520 3467 2820 3532 movebi⁴

444 3571 591 3618 mus
636 3554 751 3616 aut
796 3547 1045 3612 moveri
1091 3547 1417 3632 patiemur
1475 3545 1579 3610 vel
1628 3547 2124 3632 procurabimus
2184 3553 2655 3635 quaestionem,
2701 3555 2822 3620 sed
3137 3574 3150 3820 A

444 3637 661 3723 ipsum
711 3634 1047 3721 possidere
1092 3633 1548 3720 promittemus
1576 3633 1854 3699 eandem
1881 3636 2153 3722 pacifice
2199 3646 2266 3702 et
2309 3640 2548 3724 quiete,
2581 3649 2662 3705 ‘et
2703 3641 2815 3706 ab·

446 3723 776 3792 solventes
822 3743 972 3786 eum
1016 3718 1102 3784 ab
1147 3721 1555 3806 impetitione
1599 3721 1954 3808 cujuslibet
1997 3721 2264 3788 baronis
2310 3725 2414 3790 vel
2461 3726 2704 3792 nobilis
2751 3737 2820 3794 et

445 3809 713 3875 alterius
774 3807 1147 3892 cujuslibet,
1211 3810 1683 3894 cujuscumque
1743 3808 2142 3875 conditionis
2189 3809 2404 3893 fuerit,
2451 3815 2562 3900 qui
2610 3835 2812 3900 super

445 3895 775 3983 aliquibus
820 3895 1011 3961 bonis
1054 3894 1123 3958 in
1170 3893 1347 3959 dicta
1406 3904 1584 3960 terra
1641 3894 2000 3981 Opaviensi
2061 3898 2197 3962 suis
2244 3899 2447 3964 vellet
2489 3922 2606 3967 seu
2653 3903 2815 3967 nite-

444 3993 627 4052 retur
671 3990 899 4048 contra
964 3980 1301 4045 dominum
1360 3981 1752 4047 Nicholaum
1778 4051 1786 4066 ¹
1815 3981 1918 4047 vel
1966 3982 2254 4070 aliquem
2323 4008 2407 4052 ex
2455 3985 2780 4055 baronibu

445 4068 551 4138 vel
598 4067 1022 4134 servitoribus
1068 4069 1206 4132 suis
1249 4069 1573 4133 actionem
1620 4067 1908 4156 aliquam
1956 4070 2370 4158 intemptare.
2467 4108 2472 4117 ·
2751 4095 2756 4101 ·

617 4154 937 4220 Volumus
984 4153 1157 4242 quod
1219 4154 1304 4219 ad
1350 4153 1724 4220 faciendum
1771 4155 2041 4243 aliquod
2091 4158 2812 4248 judiciumimpeteuti

442 4240 553 4310 vel
596 4242 919 4308 actionem
965 4251 1194 4307 contra
1236 4241 1456 4328 ipsum
1514 4243 1864 4309 intentanti
1927 4265 2044 4332 per
2086 4245 2454 4333 praefatum
2501 4251 2816 4337 temporis

444 4331 725 4420 spatium
772 4325 1148 4392 nullatenus
1180 4337 1515 4408 teneatur,
1576 4331 1731 4414 quia
1778 4351 1926 4395 eum
1990 4331 2070 4395 ad
2120 4332 2497 4400 faciendum
2545 4335 2815 4424 aliquod
3136 4335 3150 4683 Ὗ
